%AAAAAAAAAAAAAAAAAAAAAAAAAAAAAAAAAAAAAAAAAAAAAAAAAAAAAAAAAAAAAAAAAAAAAAAAAAAAAAAAAAAA

@PhdThesis{Abels:2003thesis,
  Title                    = {{S}uccessive {C}yclicity, {A}nti-locality and {A}dposition {S}tranding},
  Author                   = {Abels, Klaus},
  School                   = {University of Connecticut},
  Year                     = {2003},
}


@PhdThesis{Abney:1987nounphrase,
  Title                    = {{T}he {E}nglish noun phrase in its sentential aspect},
  Author                   = {Abney, Steven},
  School                   = {Massachusetts Institute of Technology},
  Year                     = {1987},
}


@InCollection{Acero:1990reichenbach,
Title		={{L}as ideas de {R}eichenbach acerca del tiempo verbal},
Author	={Acero, Juan Jos{\'e}},
Booktitle	={{T}iempo y {A}specto en {E}spa{\~n}ol},
Editor		={Bosque, Ignacio},
Publisher	={C{\'a}tedra},
Year		={1990},
Address	={Madrid},
Pages		={45--75},
}

@Book{Adger:2003coresyntax,
  Title			={{C}ore syntax: A minimalist approach},
  Author		={Adger, David},
  Year			={2003},
  Publisher		={Oxford University Press},
  Address		={Oxford},
}

@Article{Ajdukiewicz:1935,
Author		={Ajdukiewicz, Kazimierz},
Year		={1935},
Title		={{D}ie {S}yntaktische {K}onnexit\"at},
Journal		={{S}tudia {P}hilosophica},
Volume		={1},
Pages		={1--27},
}

@Incollection{AlarcosLlorach:1980diatesis,
Title		={{L}a di{\'a}tesis en espa{\~n}ol},
Year		={1980},
Author	={Alarcos Llorach, Emilio},
Booktitle	={{E}studios de {G}ram{\'a}tica {F}uncional del {E}spa{\~n}ol},
Publisher	={Gredos},
Address	={Madrid},
Pages		={90--94},
}

@Incollection{AlarcosLlorach:1980pasividad,
Title		={{P}asividad y atribuci{\'o}n en espa{\~n}ol},
Year		={1980},
Author	={Alarcos Llorach, Emilio},
Booktitle	={{E}studios de {G}ram{\'a}tica {F}uncional del {E}spa{\~n}ol},
Publisher	={Gredos},
Address	={Madrid},
Pages		={90--94},
}

@PhdThesis{Alboiu:2000tesis,
Title		={{T}he features of movement in {R}omanian},
Author	={Alboiu, Gabriela Florina},
Year		={2000},
School		={University of Manitoba}
}

@article{Alexiadou:1998parametrizing,
  title={{P}arametrizing {A}{G}{R}: {W}ord order, {V}-movement and {E}{P}{P}-checking},
  author={Alexiadou, Artemis and Anagnostopoulou, Elena},
  journal={{N}atural {L}anguage \& {L}inguistic {T}heory},
  volume={16},
  number={3},
  pages={491--539},
  year={1998}
}

@Article{AllenCrago:1996passivesinuktitut,
Title		={{E}arly passives acquisition in {I}nuktitut},
Year		={1996},
Author	={Allen, Shanley and Crago, Martha},
Journal	={Journal of Child Language},
Pages		={129--132},
Volume	={23},
}

@InCollection{Arregi:2016focus,
Title		={{F}ocus projection theories},
Author		={Arregi, Karlos},
Booktitle	={{T}he {O}xford {H}andbook of {I}nformation {S}tructure},
Year		={2016},
Pages		={185--202},
Editor		={F\`ery, Caroline and Ishihara, Shinichiro},
Address		={Oxford},
Publisher	={{O}xford {U}niversity {P}ress},
}

@InCollection{ArkayKosma:2005nopassivemorphology,
Author		={Arka, I Wayan and Kosma, Jeladu},
Title		={{P}assive without passive morphology? {E}vidence from {M}anggarai},
Year		={2005},
Booktitle	={{T}he many faces of {A}ustronesian voice systems: some new empirical studies},
Editor		={Arka, I Wayan and Ross, Malcolm},
Publisher	={Pacific Linguistics},
Address		={Canberra},
Pages		={87--117},
}

@InCollection{ArkayRoss:2005introduction,
Author		={Arka, I Wayan and Ross, Malcolm},
Title		={{I}ntroduction},
Year		={2005},
Booktitle	={The many faces of {A}ustronesian voice systems: some new empirical studies},
Editor		={Arka, I Wayan and Ross, Malcolm},
Publisher	={Pacific Linguistics},
Address		={Canberra},
Pages		={1--15},
}


%BBBBBBBBBBBBBBBBBBBBBBBBBBBBBBBBBBBBBBBBBBBBBBBBBBBBBBBBBBBBBBBBBBBBBBBBBBBBBBBBBBBBBBBBBBBBBBBBBBBBBBBBBB

@Article{BaauwDelfitto:2005reflexivity,
Author		={Baauw, Sergio and Delfitto, Dennis},
Year		={2005},
Title		={{N}ew views on reflexivity: {D}elay effects in {R}omance},
Journal		={Probus},
Volume		={17},
Pages		={145--184},
}
 

@Article{Babyonishevetal:2001EARH,
Title		={The maturation of grammatical principles: {E}vidence from {R}ussian {U}naccusatives},
Year		={2001},
Author	={Babyonyshev, Maria and Ganger, Jennifer and Pesetsky, David and Wexler, Kenneth},
Journal	={{L}inguistic {I}nquiry},
Volume	={32},
Number	={1},
Pages		={1--44},
}

@Article{Bach:1980defensepassive,
  Title			={In defense of passive},
  Author		={Bach, Emmon W},
  Journal		={{L}inguistics and {P}hilosophy},
  Volume		={3},
  Number		={3},
  Pages		={297--341},
  Year			={1980},
}

@Article{Bach:1986algebraofevents,
  Title		={The algebra of events},
  Author	={Bach, Emmon W},
  Journal	={{L}inguistics and {P}hilosophy},
  Volume	={9},
  Pages		={5--16},
  Year		={1986},
}


@Book{Bach:1989informalletures,
Author		={Bach, Emmon W.},
Title		={{I}nformal {L}ectures on {F}ormal {S}emantics},
Year		={1989},
Address		={Albany},
Publisher	={State University of New York Press},
}


@Book{Baker:1988incorporation,
  Title                   ={{I}ncorporation: {A} theory of grammatical function changing},
  Author                  ={Baker, Mark},
  Publisher               ={University of Chicago Press},
  Year                    ={1988},
  Address 	={Chicago, Illinois},
}

@Article{Baker:1989passiveLingInq,
  Title           ={{P}assive {A}rguments {R}aised},
  Author          = {Baker, Mark and Johnson, Kyle and Roberts, Ian},
  Journal         ={Linguistic Inquiry},
  Year  		={1989},
  Number		={2},
  Pages           ={219--251},
  Volume          ={20},
}

@InCollection{Baker:2008macroparameter,
Title		={The macroparameter in a microparametric world},
Author		={Baker, Mark},
Year		={2008},
Publisher	={Benjamins},
Address		={Amsterdam},
Booktitle	={The {L}imits of {S}yntactic {V}ariation},
Editor		={Biberauer, Theresa},
Pages		={351--374},
}


@InProceedings{Baker:2002framenetvslevin,
  Title		={{F}rameNet's frames vs. {L}evin's verb classes},
  Author	={Baker, Collin F and Ruppenhofer, Josef},
  Booktitle	={{P}roceedings of the 28th annual meeting of the {B}erkeley {L}inguistics {S}ociety},
  Pages		={27--38},
  Year		={2002}
}


@Article{BaltinyPostal:1996reanalysis,
title		={More on reanalysis hypotheses},
author		={Baltin, Mark and Postal, Paul M},
journal		={{L}inguistic {I}nquiry},
volume		={27},
Number		={1},
pages		={127--145},
year		={1996},
}

@PhdThesis{Barbosa:1995thesis,
Author		={Barbosa, Pilar},
Year		={1995},
Title		={Null subjects},
School		={M.I.T.},
}

@Article{BarHillel:1953categorialgrammar,
Title		={{A} {Q}uasi-{A}rithmetical {N}otation for {S}yntactic {D}escription},
Author		={Bar-Hillel, Yehoshua},
Journal		={Language},
Volume		={29}, 
Number		={1},
Pages		={47--58},
Year		={1953},
}
@Unpublished{BarrosySaab:2016implicatures,
Author		={Barros, Matthew and Saab, Andr{\'e}s},
Title		={{I}mplicatures from silence. A remark on {C}hungâ€™s puzzle},
Year		={2016},
Note		={{U}niversidad de {Y}ale y {U}{B}{A}-{C}{O}{N}{I}{C}{E}{T}},
} 

@Book{Barthes:1985laaventurebilingue,
Author		={Barthes, Roland},
Year		={1985},
Title		={L'aventure s\'emiologique},
Publisher	={{\'E}dition du Seuil},
Address		={Paris},
Note		={{M}anejamos la traducci\'on de {R}am{\'o}n {A}lcalde, {B}arcelona: {P}aid{\'o}s, 1993},
}

@Article{Barwise:1981gqandnaturallanguage,
Title		={{G}eneralized {Q}uantifiers and {N}atural {L}anguage},
Author		={Barwise, Jon and Cooper, Robin},
Pages		={159--219},
Year		={1981},
Number		={2},
Volume		={4},
Journal		={{L}inguistics and {P}hilosophy}
}

@InCollection{BaunazLander:2018nanosyntax,
  title={{N}anosyntax: the basics},
  author={Baunaz, Lena  and Lander, Eric},
  booktitle={Exploring nanosyntax},
  pages={3--56},
  year={2018},
  publisher={Oxford University Press},
editor		={Baunaz, Lena  and De Clercq, Karen and Haegeman, Liliane and Lander, Eric},
Address		={New York},
}


@Incollection{Belletti:1987inacusativos,
  Title		={{L}os inacusativos como asignadores de caso},
  Author		={Belletti, Adriana},
  Booktitle	={{S}intaxis de las lenguas rom{\'a}nicas},
  Pages		={167--230},
  Year		={1987},
  Publisher	={El Arquero},
  Editor		={Demonte, Violeta and Fern{\'a}ndez Lagunilla, Martina},
}


@Article{Belletti:1988caseunaccusatives,
  Title                    ={{T}he {C}ase of {U}naccusatives},
  Author                   ={Belletti, Adriana},
  Journal                  ={{L}inguistic {I}nquiry},
  Year                     ={1988},
  Number                 	={1},
  Pages                    ={1--34},
  Volume                   ={19},
}

@Article{BelletiRizzi:1988psychverbs,
  Title                    ={{P}sych {V}erbs and {T}heta {T}heory},
  Author                   ={Belletti, Adriana and Rizzi, Luigi},
  Journal                  ={{N}atural {L}anguage and {L}inguistic {T}heory},
  Year                     ={1988},
  Pages                    ={291--352},
  Volume                   ={6},
Note		={Versi\'on en espa\~nol ``{V}erbos psicol{\'o}gicos y teor{\'i}a tem{\'a}tica'', en {V}ioleta {D}emonte y {M}artina {F}ern\'andez {L}agunilla (eds.) \textit{Sintaxis de las lenguas Rom\'anicas}, {M}adrid: {E}l {A}rquero. 60--122. 1987},
}

@Book{Bello:1847edicionarcos,
Author		={Bello, Andr\'es},
Title		={{G}ram\'atica de la lengua castellana: destinada al uso de los americanos},
Address		={Madrid},
Publisher	={Arcos Libros},
Year		={1847},
Note		={A{\~n}o de la edici{\'o}n: 1988},
}

@Book{Bennett:1995courseGPSG, 
   Title			={{A} {C}ourse in {G}eneralized {P}hrase {S}tructure {G}rammar},
   Year			={1995},
   Author		={Bennet, Paul},
   Address		={London},
   Publisher		={University College London},
}

@Article{BenninCoveryDendikken:1998predicationNPs,
Author		={Bennis, Hans and Corver, Norbert and Den Dikken, Marcel},
Year		={1998},
Title		={Predication in nominal phrases},
Journal  	={{T}he {J}ournal of {C}omparative {G}ermanic {L}inguistics},
Volume		={1},
Pages		={85--117},
}


@PhdThesis{Bhatt:1999covertmodality,
Author		={Bhatt, Rajesh},
Year		={1999},
Title		={{C}overt {M}odality in {N}on-{F}inite {C}ontexts},
School		={University of Pennsylvania},
Address		={Philadelphia},
}

@PhdThesis{Bickford:1987universal,
  title={Universal constraints on relationally complex clauses},
  author={Bickford, J. Albert},
  year={1987},
  school={{U}niversity of {C}alifornia, {S}an {D}iego},
}

@Article{BittneryHale:1996structural,
  title={The {S}tructural {D}etermination of {C}ase and {A}greement},
  Author	={Bittner, Maria and Hale, Ken},
  year		={1996},
Journal		={{L}inguistic {I}nquiry},
Volume		={27},
Pages		={1--68},
}

@Book{Blake:1990RG,
Author		={Blake, Barry},
Year		={1990},
Publisher	={Routledge},
Title		={{R}elational {G}rammar},
Address		={London},
}

@Book{Blake:2004case,
Author		={Blake, Barry},
Year		={2004},
Publisher	={Cambridge University Press},
Title		={{C}ase},
Address		={Cambridge},
}


@PhdThesis{Bordelois:1974causative,
Title		={The grammar of {S}panish causative complements},
Author		={Bordelois, Ivonne},
Year		={1974},
School		={MIT},
}

@InCollection{BorerWexler:1987maturation,
Title		={{T}he {M}aturation of {S}yntax},
Author	={Borer, Hagit and Wexler, Kenneth},
Booktitle	={Parameter Setting},
Editor		={Roeper, Thomas and Williams, Edwin},
Year		={1987},
Address	={Dordrecht},
Publisher	={Reidel},
Pages		={123--172},
}

@article{Borer:1994projection,
  title={The projection of arguments},
  author={Borer, Hagit},
  journal={{U}niversity of {M}assachusetts occasional papers in {L}inguistics},
  volume={17},
  pages={19--47},
  year={1994}
}

@book{Borer:2005normal,
  title={The normal course of events},
  author={Borer, Hagit},
  volume={2},
  year={2005},
Address	={Oxford},
  publisher={Oxford University Press}
}

@Article{Bosque:2011doublepassives,
  Title			={{S}panish double passives and related structures},
  Author		={Bosque, Ignacio and Gallego, {\'A}ngel J},
  Year			={2011},
  Journal		={{L}ingu{\'\i}stica. {R}evista de {E}studos {L}ingu{\'\i}sticos da {U}niversidade do {P}orto},
  Volume		={6},
  Number		={1},
}

@book{BosqueyGutierrezRexach:2005fundamentos,
  title={{F}undamentos de {S}intaxis {F}ormal},
  author={Bosque, Ignacio and Guti\'errez-Rexach, Javier},
  year={2009},
Address	={Madrid},
  publisher={Akal},
}


@Article{Book:1973CSG,
  Title		={On the {S}tructure of {C}ontext-{S}ensitive {G}rammars},
  Author		={Book, Ronald V.},
  Year		={1973},
  Journal	={{I}nternational {J}ournal of {C}omputer and {I}nformation {S}ciences},
  Volume		={2},
  Number		={2},
}

@InCollection{BorsleyBorjars:2011NTS,
Booktitle	={Non-{T}ransformational {S}yntax},
  Title		={Introduction},
  Author	={Borsley, Robert and B\"orjars, Kersti},
  Editor	={Borsley, Robert and B\"orjars, Kersti},
  Year		={2011},
  Publisher	={Wiley Blackwell},
  Address	={Massachusetts},
Pages		={1--8},
}

@Article{Boskovic:2007MoveandAgree,
Author		={Bo{\v{s}}kovi{\'c}, {\v{Z}}eljko},
Year		={2007},
Title		={{O}n the locality and motivation of {M}ove and {A}gree: {A}n even more minimal
theory},
Journal		={{L}inguistic {I}nquiry},
Volume		={38},
Pages		={589--644},
}

@Book{Bowers:2010arguments,
  Title		={Arguments as relations},
  Author		={Bowers, John},
  Year		={2010},
  Publisher	={MIT Press},
  Address	={Cambridge, Massachusetts},
}


@PhdThesis{Brandani:2013adquisicion,
Title		={La adquisici{\'o}n de las categor{\Ã¬}as funcionales en espa{\~n}ol: un an{\'a}lisis desde la Morfolog{\'i}a Distribuida},
Author		={Brandani, Luc{\'i}a},
School		={Universidad de Buenos Aires},
Year		={2013},
}


@InCollection{Bresnan:1982passivelexicaltheory,
Title		={The passive in {L}exical {T}heory},
Booktitle	={{T}he {M}ental {R}epresentation of {G}rammatical {R}elations},
Author		={Bresnan, Joan},
Editor		={Bresnan, Joan},
Year		={1982},
Address		={Cambridge},
Publisher	={The MIT Press},
}

@InCollection{BresnanyNordlinger:2011,
Booktitle	={Non-{T}ransformational {S}yntax},
  Title		={{L}exical-{F}unctional {G}rammar: {I}nteractions between {M}orphology and {S}yntax},
  Author	={Bresnan, Joan},
  Editor	={Borsley, Robert and B\"orjars, Kersti},
  Year		={2011},
  Publisher	={Wiley Blackwell},
  Address	={Massachusetts},
Pages		={112--140},
}


@Article{Bruening:2001QR,
  Title		={{Q}{R} obeys superiority. {F}rozen scope and {A}{C}{D}},
  Author		={Bruening, Benjamin},
  Journal	={Linguistic Inquiry},
  Volume		={21},
  Pages		={233--273},
  Year		={2001},
}

@Article{Bruening:2013byphrases,
  Title		={{B}y phrases in passives and nominals},
  Author		={Bruening, Benjamin},
  Journal	={Syntax},
  Volume		={16},
  Number		={1},
  Pages		={1--41},
  Year		={2013},
}


@Book{Burzio:1986,
  Title           ={{I}talian {S}yntax},
  Author          ={Burzio, Luigi},
  Publisher       ={Reidel Publishers},
  Year            ={1986},
  Address	={Dordrecht},
}

%CCCCCCCCCCCCCCCCCCCCCCCCCCCCCCCCCCCCCCCCCCCCCCCCCCCCCCCCCCCCCCCCCCCCCCCCCCCCCCCCCCCCCCCCCCCCCCCCCCCCC

@Unpublished{Cable:2017notasdeclase,
Author		={Cable, Seth},
Note		={Notas de Clase disponibles en http://people.umass.edu/scable/LING620-SP17/},
Year		={2017},
Title		={{F}ormal {S}emantics},
}


@InCollection{CabreLorente:2003panorama,
Title		={{P}anorama de los paradigmas en ling{\"u}{\'\i}stica},
Author		={Cabr{\'e}, M Teresa and Lorente, Merc{\`e}},
Booktitle	={{E}nciclopedia {I}beroamericana de {F}ilosof\'ia},
Year		={2003},
Address		={Madrid},
Publisher	={Consejo superior de investigaciones cient\'ificas},
Note		={Volumen 28: {F}ilosof\'ia de las ciencias naturales, sociales y matem\'aticas, coordinado por {A}nna {E}stany},
}

@InCollection{Caha:2018notesDMyNS,
  title={{N}otes on {I}nsertion in {D}istributed {M}orphology and {N}anosyntax},
  author={Caha, Pavel},
  booktitle={{E}xploring nanosyntax},
  pages={57--87},
  year={2018},
  publisher={Oxford University Press},
editor		={Baunaz, Lena  and De Clercq, Karen and Haegeman, Liliane and Lander, Eric},
Address		={New York},
}

@Article{Califa:2014,
   Title			={La dimensi{\'o}n formal del aspecto desde la perspectiva tipol{\'o}gica: estrategias gramaticales y l{\'e}xicas},
   Author		={Califa, Mart{\'i}n},
   Journal		={{R}evista de la {S}ociedad {A}rgentina de {L}ing{\"u}{\'\i}stica},
   Number		={2014},
   Pages		={7--26},
   Year			={2014},
}

@InCollection{Campbell:2003history,
Author		={Campbell, Lyle},
Year		={2003},
Title		={{T}he {H}istory of {L}inguistics},
Editor		={Aronoff, M. and Rees-Miller, J.},
Booktitle	={{T}he {H}andbook of {L}inguistics},
Address		={Oxford},
Publisher	={Blackwell Publishers},
Pages		={81--104},
}


@InCollection{CardinalettiyGiusti:2015cartography,
  title={{C}artography and optional feature realization in the nominal expression},
  author={Cardinaletti, Anna and Giusti, Giuliana},
  Booktitle={{B}eyond {F}unctional {S}equence. {T}he {C}artography of {S}yntactic {S}tructures},
  pages={151--172},
  year={2015},
Editor	={Shlonsky, Ur},
Address		={Oxford},
Publisher	={Oxford University Press},
}

@Book{Carnie:2010constituentstructure,
  Title			={Constituent structure},
  Author		={Carnie, Andrew},
  Year			={2010},
  Publisher		={Oxford University Press},
  Address		={Oxford},
}

@Book{Carnie:2013generativeintroduction,
   Title			={{S}yntax: {A} {G}enerative {I}ntroduction},
   Author		={Carnie, Andrew},
   Year			={2013},
   Publisher		={Wiley Blackwell},
   Address		={Oxford},
}


@Article{Carpenter:1991generativepowerhpsgycg,
Title	={The generative power of categorial grammars and head-driven phrase structure grammars with lexical rules},
  Author		={Carpenter, Bob},
  Journal	={Computational linguistics},
  Volume		={17},
  Number		={3},
  Pages		={301--313},
  year		={1991},
}


@InCollection{Carranza:2016patientbeneficiaryconstruction,
    Title		={On patient-beneficiary accusative constructions},
    Author		={Carranza, Fernando and Kaminszczik, Sonia},
    Booktitle		={{T}emas em {T}eoria {G}erativa: homenagem a {L}ucia {L}obato},
    Editor		={Pilati, Eloisa Nascimento Silva},
    Year 		={2016},
    Address		={Brasilia},
    Publisher		={Blanche},
    Pages		={127--136},
}

@Article{Carranza:2017maduracion,
author		={Carranza, Fernando},
Year		={2017},
Title		={Un an\'alisis cr\'tico de la {H}ip\'otesis de la {M}aduraci\'on a partir del estudio de la adquisici\'on de la construcci\'on pasiva},
Journal		={{C}aderno de {S}quibs: {T}emas em estudos formais da linguagem},
Volume		={3},
Number		={1},
Pages		={16--30},
}

@article{Carranza:2018tesniere,
  title={Tesni{\`e}re y su {G}ram{\'a}tica de {D}ependencias: continuidades y discontinuidades},
  author={Carranza, Fernando},
  journal={Revista {A}rgentina de {H}istoriograf{\'\i}a {L}ing{\"u}{\'\i}stica},
  volume={8},
  number={2},
  pages={59--78},
  year={2018},
}

@Book{CarranzaSaab:enprepdimensiones,
  title	={{D}imensiones del {S}ignificado. {U}na introducci\'on a la sem\'antica formal},
  author	={Saab, Andr{\'e}s and Carranza, Fernando},
Year		={en prensa},
Publisher	={{S}{A}{D}{A}{F}},
Address		={{B}uenos {A}ires},
}

@Article{Castilloros:2017ecmandpassive,
Year		={2017},
Journal		={Isogloss},
Pages		={69--76},
Author		={Castillo Ros, Lorena},
Title		={{A} {N}ote on an {E}{C}{M} asymmetry in {S}panish},
Volume		={3},
Number		={1},
}

@InProceedings{Channon:1982fullfiling,
  Title                    = {3-2 advancement, beneficiary advancement and with},
  Author                   = {Channon, Robert},
   Year			={1982},
   Booktitle		={{P}roceedings of the {E}ighth {A}nnual {M}eeting of the {B}erkeley {L}inguistics {S}ociety},
   Pages		={271--282},
}

@InProceedings{Charnavel:2016supersloppines,
  Title                    ={Addressing supersloppiness},
  Author                   ={Charnavel, Isabelle},
   Year			={2016},
   Booktitle		={Actas de NELS 46},
   Pages			={BUSCAR DATO DE PAGINAS},
}

@Book{Chatzikyriakidisetak:2017epsilonytau,
Title		={The If{C}oLog {J}ournal of {L}ogics and their {A}pplications: {S}pecial {I}ssue on {H}ilbertâ€™s epsilon and tau in {L}ogic, {I}nformatics and {L}inguistics. 4(2)},
Editor		={Chatzikyriakidis, Stergios and Pasquali, Fabio and Retor{\'e}, Christian},
Year		={2017},
Publisher	={College Publications},
}

@PhdThesis{Chierchia:1984thesis,
Author		={Chierchia, Gennaro},
Year		={1984},
School		={University of Massachusetts, Amherst},
Title		={{T}opics in the {S}yntax and {S}emantics of {I}nfinitives and {G}erunds},
}


@Book{ChierchiaMacconnellGinet:2000meaninggrammar,
Author		={Chierchia, Gennaro and McConnell-Ginet, Sally},
Year		={2000}, 
Title		={{M}eaning and grammar. {A}n introduction to semantics (2nd ed.)},
Address		={Cambridge, Massachusetts},
Publisher	={MIT Press},
}

@Book{Chomsky:1955LSLT,
Author		={Chomsky, Noam},
Year		={1955},
Title		={{T}he {L}ogical {S}tructure of {L}inguistic {T}heory}, 
Note		={Tesis de maestr\'ia: Harvard University},
Address		={New York},
Publisher	={Plenum, 1975},
}

@Book{Chomsky:1957SSenglish,
  Title                    = {Syntactic structures},
  Author                   = {Chomsky, Noam},
  Publisher                = {Mouton},
Address			={The {H}ague},
  Year                     = {1957},
}

@Book{Chomsky:1957SSbilingue,
  Title                    = {Syntactic structures},
  Author                   = {Chomsky, Noam},
  Publisher                = {Mouton},
Address			={The {H}ague},
  Year                     = {1957},
Note			={Manejamos la traducci\'on de {C}arlos {P}eregr{\'i}n {O}tero, {M}adrid: {S}iglo {X}{X}{I}, 1982}
}

@Book{Chomsky:1957SSspanish,
   Title			={Estructuras sintÃ¡cticas},
   Author  		={Chomsky, Noam},
  Year			={1957},   
Publisher		={{S}iglo {X}{X}{I}},
   Series		={Traducido por {C}arlos {P}eregr{\'i}n {O}tero},
   Note		={1982},
   Address		={Madrid},
}


@InCollection{ChomskyMiller:1963formalanalysis,
Author		={Chomsky, Noam and Miller, George},
Title		={{F}ormal {A}nalysis of {N}atural {L}anguages},
Year		={1963},
Booktitle	={{H}andbook of {M}athematical {P}sychology: {V}olume {I}{I}},
Editor		={Luce, Robert Duncan and Bush, Robert R. and Galanter, Eugene},
Publisher	={John Wiley and sons},
Address		={New York, London},
Pages		={269--321},
}


@InCollection{Chomsky:1963grammarformalproperties,
Author		={Chomsky, Noam},
Title		={{F}ormal {P}roperties of {G}rammars},
Pages		={323--418},
Year		={1963},
Booktitle	={{H}andbook of {M}athematical {P}sychology: {V}olume {I}{I}},
Editor		={Luce, Robert Duncan and Bush, Robert R. and Galanter, Eugene},
Publisher	={John Wiley and sons},
Address		={New York, London},
}

@InProceedings{Chomsky:1964logicalbasis,
Author		={Chomsky, Noam},
Year		={1964},
Publisher	={Mouton},
Address		={The Hague},
Title		={The logical basis of linguistic theory},
Booktitle	={{P}roceedings of the {N}inth {I}nternational {C}ongress of {L}inguists},
Editor		={Lunt, H.},
}

@Book{Chomsky:1965aspectsenglish,
  Title		={{A}spects of the theory of syntax},
  Author		={Chomsky, Noam},
  Publisher	={M.I.T. Press},
  Year 		={1965},
  Address	={Cambridge, Massachusetts},
}

@Book{Chomsky:1965aspectsspanish,
Title		={{A}spectos de la teorÃ­a de la sintaxis},
Author		={Chomsky, Noam},
Publisher	={Aguilar},
Year		={1965},
Address		={Madrid},
Series		={Introducci\'on, traducci\'on, notas y ap\'endice por {C}arlos {P}eregr{\'i}n Otero},
Note		={1971},
}

@Book{Chomsky:1965aspectsbiligue,
  Title			= {{A}spects of the theory of syntax},
  Author		= {Chomsky, Noam},
  Publisher		= {M.I.T. Press},
  Year 			= {1965},
  Address		= {Cambridge, Massachusetts},
Note		={{M}anejamos la traducci\'on de {C}arlos {P}eregr{\'i}n {O}tero, {M}adrid: {A}guilar, 1971}
}


@Book{Chomsky:1981GB,
  Title                    	= {Lectures on government and binding},
  Author         	= {Chomsky, Noam},
  Publisher        	= {Foris},
  Year     		= {1981},
  Address   		= {Dordrecht},
}

@InCollection{Chomsky:1982cuestiones,
Author		={Chomsky, Noam},
Publisher		={C\'atedra},
Year			={1982},
Address		={Madrid},
Title			={Cuestiones de forma e interpretaci\'on},
Booktitle		={Ensayos sobre forma e interpretaci\'on},
Pages			={33--74},
}

@InCollection{Chomsky:1982cuestiones,
Author		={Chomsky, Noam},
Publisher		={C\'atedra},
Year			={1982},
Address		={Madrid},
Title			={Sobre la naturaleza del lenguaje},
Booktitle		={Ensayos sobre forma e interpretaci\'on},
Pages			={75--93},
}


@InCollection{Chomsky:1982condicionestransformaciones,
Author		={Chomsky, Noam},
Publisher		={C\'atedra},
Year			={1982},
Address		={Madrid},
Title			={Condiciones sobre las transformaciones},
Booktitle		={Ensayos sobre forma e interpretaci\'on},
Pages			={95--185},
}

@InCollection{Chomsky:1982condicionesgramatica,
Author		={Chomsky, Noam},
Publisher		={C\'atedra},
Year			={1982},
Address		={Madrid},
Title			={Condiciones sobre las reglas de la gram\'atica},
Booktitle		={Ensayos sobre forma e interpretaci\'on},
Pages			={187--239},
}


@Book{Chomsky:1986KLenglish,
  Title                    = {Knowledge of language},
  Author                   = {Chomsky, Noam},
  Publisher                = {Praeger},
  Year                     = {1986},
  Address                  = {New York},
}
 
@Book{Chomsky:1986KLspanish,
  Title			={El conocimiento del lenguaje: su naturaleza origen y uso},
Author		={Chomsky, Noam},  
Publisher		={Altaya},
  Year			={1986},
  Address		={Madrid},
  Series		={Traducido por {E}duardo {B}ustos {G}uada\~no},
  Note			={1998},
}

@Book{Chomsky:1986KLbilingue,
  Title                    = {Knowledge of language},
  Author                   = {Chomsky, Noam},
  Publisher                = {Praeger},
  Year                     = {1986},
  Address                  = {New York},
Note		={{M}anejamos la traducci\'on de {E}duardo {B}ustos {G}uada\~no, {M}adrid: {A}ltaya, 1998}
}

@Book{Chomsky:1986Barriersbilingue,
  Title                    = {Barriers},
  Author                   = {Chomsky, Noam},
  Publisher                = {The {M}{I}{T} {P}ress},
  Year                     = {1986},
  Address                  = {Longon, England},
Note		={{M}anejamos la traducci\'on de {S}antiago {A}lcoba y {S}ergio {B}alari, {B}arcelona: {P}aid{\'o}s, 1990}
}

@article{Chomsky:1990replytogazdar,
Title		={On formalization and formal linguistics},
Author		={Chomsky, Noam},
Journal		={Natural language \& Linguistic theory},
Pages		={143--147},
Year		={1990},
Volume		={8},
}

@Book{Chomsky:199PM5english,
  Title                    = {The minimalist program},
  Author                   = {Chomsky, Noam},
  Publisher                = {MIT Press},
  Year                     = {1995},
  Address                  = {Cambridge, Massachusetts},
}

@Book{Chomsky:1995PMspanish,
   Title			={El programa minimalista},
   Author		={Chomsky, Noam},
   Publisher		={Alianza},
   Year			={1995},
   Note		={1999},
   Address		={Madrid},
   Series		={{T}raducido por {J}uan {R}omero {M}orales},
}

@Book{Chomsky:199PM5bilingue,
  Title                    = {The minimalist program},
  Author                   = {Chomsky, Noam},
  Publisher                = {MIT Press},
  Year                     = {1995},
  Address                  = {Cambridge, Massachusetts},
Note		={Manejamos la traducci\'on de {J}uan {R}omero {M}orales, {M}adrid: {A}lianza, 1999},
}

  
@InCollection{Chomsky:2000MI,
  Title                    = {Minimalist Inquiries: The Framework},
  Author                   = {Chomsky, Noam},
  Booktitle                = {Step by step: Essays on minimalist syntax in honor of {H}oward {L}asnik},
  Publisher                = {MIT Press},
  Year                     = {2000},
  Editor                   = {Martin, Roger and Michaels, David and Uriagereka, Juan},
  Pages                    = {89--156},
}

@InCollection{Chomsky:2001DBP,
  Title                    ={Derivation by Phase},
  Author                   ={Chomsky, Noam},
  Booktitle                ={Ken {H}ale: A {L}ife in {L}inguistics},
  Publisher                ={MIT Press},
  Year 			={2001},
  Address 		={Cambridge, Massachusetts},
  Editor                   ={Kenstowicz, Michael},
  Pages                    ={1--52},
}

@InCollection{Chomsky:2004beyondexplanatory,
  Title                    ={Beyond {E}xplanatory {A}dequacy},
  Author                   ={Chomsky, Noam},
  Booktitle                ={{S}tructures and {B}eyond: {T}he {C}artography of {S}yntactic {S}tructures, {V}olume 3},
  Publisher                ={Oxford University Press},
  Year 			={2004},
  Address 		={Oxford},
  Editor                   ={Belletti, Adriana},
  Pages                    ={104--131},
}
 
@Article{Chomsky:2005threefactors,
  Title                    = {{T}hree {F}actors in {L}anguage {D}esign},
  Author                   = {Chomsky, Noam},
  Journal                  = {{L}inguistic {I}nquiry},
  Year                     = {2005},
  Number                   = {1},
  Pages                    = {1--22},
  Volume                   = {36},
}


@Article{Chomsky:2007UGfrombelow,
  Title                    = {{A}pproaching {U}{G} from below},
  Author                   = {Chomsky, Noam},
  Editor		={Sauerland, U. and G{\"a}rtner, H.},  
Journal                  = {{I}nterfaces+ recursion= language},
Publisher		={Mouton de Gruyter},
  Year                     = {2007},
  Pages                    = {1--30},
}


@InCollection{Chomsky:2008,
  Title  		 = {On phases},
  Author          	={Chomsky, Noam},
  Booktitle   		 ={{F}oundational {I}ssues in {L}inguistic {T}heory. {E}ssays in {H}onor of {J}ean-{R}oger {V}ergnaud},
  Editor		={Freidin, R. and Otero, Carlos Peregr{\'i}n. and Zubizarreta, Mar{\'i}a Luisa},
Year          		={2008},
  Pages       		={291--321},
Address		={Cambridge / Massachusetts},
  Publisher                ={The MIT press}
}

@Book{ChomskyHalle:1968soundpatterns,
Author		={Chomsky, Noam and Halle, Morris},
Title		={The sound pattern of {E}nglish},
Year		={1968},
Publisher	={Harper and Row},
Address		={New York},
}


@Unpublished{Chung:2000,
Title		={{C}lose encounters with pronouns in {V}{P} ellipsis},
Author		={Chung, Sandra},
Year		={2000},
Note		={Available at http://ling.ucsc.edu/Jorge/chung.html},
}


@InProceedings{Chung:2006sluicinglexicon,
Title			={Sluicing and the lexicon: The point of no return},
Author			={Chung, Sandra},
Year			={2006},
Booktitle		={{P}roceedings of the 31st annual meeting of the {B}erkeley {L}inguistics {S}ociety},
Editor			={Cover, Rebecca T. and Kim, Yuni},
Pages			={73--91},
}

@Article{Chung:2013identity,
Author			={Chung, Sandra},
Title			={{S}yntactic identity in sluicing: {H}ow much and why},
Year			={2013},
Journal			={{L}inguistic {I}nquiry},
Volume			={44},
Number			={1},
Pages			={1--44}
}

@PhdThesis{Ciccone:2015tesistapiete,
Author		={Ciccone, Florencia},
Year		={2015},
Title		={Contacto, desplazamiento y cambio ling\"u\'istico en tapiete (tup\'i-guaran\'i)},
School		={Universidad de Buenos Aires},
}

@InCollection{CicconeyNercesian:2015seguimientoreferencial,
Author		={Ciccone, Florencia and Nercesian, Ver\'onica},
Year		={2015},
Title		={Seguimiento referencial en lenguas sudamericanas: {M}ecanismos sint\'acticos/pragm\'aticos y distribuci\'on geogr\'afica},
Editor		={Comrie, Bernard and Golluscio, Luc\'ia},
Booktitle	={{L}anguage {C}ontact and {D}ocumentation},
Address		={Berlin},
Publisher	={Mouton de Gruyter},
Pages		={239--284},
}

@Article{Cinque:1993compoundstress,
Author		={Cinque, Guglielmo},
Journal		={{L}inguistic {I}nquiry},
Year		={1993},
Volume		={24},
Number		={2},
Pages		={239,297},
Title		={{A} {N}ull {T}heory of {P}hrase and {C}ompound {S}tress},
}

@InCollection{Cinque:2003passive,
Title		={The interaction of passive, causative, and â€˜restructuringâ€™ in {R}omance},
Author		={Cinque, Guglielmo},
Booktitle	={The {S}yntax of {I}talian {D}ialects},
Pages		={50--66},
Year		={2003},
Address		={Oxford},
Publisher	={Oxford University Press},
Editor		={Tortora, Christina},
}


@article{Citko:2005parallelmerge,
  title={On the nature of merge: {E}xternal {M}erge, {I}nternal {M}erge, and {P}arallel {M}erge},
  author={Citko, Barbara},
  journal={{L}inguistic {I}nquiry},
  volume={36},
  number={4},
  pages={475--496},
  year={2005},
}

@Book{Citko:2014phasetheory,
   Title			={{P}hase {T}heory},
   Author		={Citko, Barbara},
   Year			={2014},
   Publisher		={Cambridge University Press},
   Address		={New York},
}

@InCollection{Clayre:2005,
Author		={Clayre, Beatrice},
Title		={{K}elabitic languages and the fate of â€˜focusâ€™: evidence from the {K}erayan},
Year		={2005},
Booktitle	={{T}he many faces of {A}ustronesian voice systems: some new empirical studies},
Editor		={Arka, I Wayan and Ross, Malcolm},
Publisher	={{P}acific {L}inguistics},
Address		={Canberra},
Pages		={17--57},
}


@Article{Collins:2005smuggling,
  Title                    = {{A} {S}muggling {A}pproach to the {P}assive in {E}nglish},
  Author                   = {Collins, Chris},
  Journal                  = {{S}yntax},
  Year                     = {2005},
  Number                   = {2},
  Pages                    = {81--120},
  Volume                   = {8},
}

@Book{Cooper:1983quantification,
Title		={{Q}uantification and {S}yntactic {T}heory},
Author		={Cooper, Robin},
Year		={1983},
Address		={Dordrecht},
Publisher	={Reidel},
}

@InCollection{Croft:1996heads,
Author		={Croft, William},
Title			={{W}hat's a head},
  booktitle={{P}hrase structure and the lexicon},
  pages={35--75},
  editor ={Rooryck, Johan and Zaring, Laurie},
year={1996},
  publisher={Springer},
}


@Book{Croft:2001RCG, 
Author		={Croft, William},
Title			={{R}adical {C}onstruction {G}rammar: {S}yntactic {T}heory in {T}ypological {P}erspective},
Address		={Oxford},
Publisher		={Oxford University Press},
Year			={2001},
}

@PhdThesis{Cuervo:2003tesis,
  Title			={Datives at large},
  Year			={2003},
  Author		={Cuervo, Cristina},
  School		={MIT},
}

@Article{Culy:1985complexity,
Author		={Culy, Christopher},
Year		={1985},
Title		={The complexity of the vocabulary of {B}ambara},
Journal		={{L}inguistics and {P}hilosophy},
Volume		={8},
Pages		={345--351},
}

@Book{CurryFeys:19581combinatorylogic, 
Author		={Curry, Haskell and Feys, Robert},
Title		={{C}ombinatory {L}ogic},
Volume		={1},
Address		={Amsterdam},
Publisher		={North Holland},
Year			={1958},
}


%DDDDDDDDDDDDDDDDDDDDDDDDDDDDDDDDDDDDDDDDDDDDDDDDDDDDDDDDDDDDDDDDDDDDDDDDDDDDDDDDDDDDDDDDDDDD

@Book{Danes:1974FSP,
Editor		={{Dane\v s}, {Franti\v sek}},
Title		={{P}apers on {F}unctional {S}entence {P}erspective},
Address		={Prague},
Publisher	={Academia},
Year		={1974},
}



@InCollection{Davidson:1967events,
Title		={The logical form of action sentences},
Author		={Davidson, Donald},
Year		={1967},
Editor		={Rescher, Nicholas},
Booktitle	={The logic of decision and action},
Pages		={81--95},
Address		={Pittsburg},
Publisher	={University of Pittsburgh Press},
}

@article{DelPinal:2015structure,
  title={{T}he structure of semantic competence: {C}ompositionality as an innate constraint of the {F}aculty of {L}anguage},
  author={Del Pinal, Guillermo},
  journal={{M}ind \& {L}anguage},
  volume={30},
  number={4},
  pages={375--413},
  year={2015},
  publisher={Wiley Online Library}
}

@Article{Demonte:1995dativealternationinspanish,
Title		={{D}ative alternation in {S}panish},
Author	={Demonte, Violeta},
Year		={1995},
Journal	={Probus},
Pages		={5--30},
Volume	={7},
}

@InCollection{Demonte:2002preliminarespredicados,
  Title			={{P}reliminares de una clasificaci{\'o}n l{\'e}xico-sint{\'a}ctica de los predicados verbales del espa{\~n}ol},
  Author		={Demonte, Violeta},
  Booktitle		={Ex {O}riente {L}ux. {F}estschrift f{\"u}r {E}berhard {G}{\"a}rtner zu seinem 60. {G}eburtstag},
  Year			={2002},
  Address		={Frankfurt am Main},
  Publisher		={Valentia},
  Editor		={Grosse, Sybille and Sch{\"o}nberger, Axel},
  Pages		={121--144},
}

@Article{Demuth:1989sesothopassive,
Title		={{M}aturation and the acquisition of the {S}esotho passive},
Author	={Demuth, Katherine},
Year		={1989},
Journal	={Language},
Pages		={56--80},
Volume	={65},
}

@Article{Depiante:2004elipsis,
Title		={Dos casos de elipsis con partÃ­cula de polaridad en espaÃ±ol},
Author		={Depiante, Marcela},
Year		={2004},
Journal		={{R}{A}{S}{A}{L}},
Pages		={53--69},
Volume		={1},
}

@Unpublished{DepianteyMasullo:2001generoynumero,
Author		={Depiante, Marcela and Masullo, Pascual},
Year		={2001},
Title		={G{\'e}nero y n{\'u}mero en la elipsis nominal: consecuencias para la hip{\'o}tesis lexicalista},
Note		={Ponencia presentada en el {I} {E}ncuentro de {G}ram\'atica {G}enerativa, {G}ral. {R}oca, 22 a 24 de noviembre},
}

@Book{deRijk:2008basquegrammar,
Year		={2008},
Publisher	={MIT Press},
Address		={Cambridge, Massachusetts},
Author		={de Rijk, Rudolf P. G.},
Title		={{S}tandard {B}asque: {A} {P}rogressive {G}rammar},
}

@Book{Dik:1992prolog,
  Title			={{F}unctional {G}rammar in {P}rolog: {A}n {I}ntegrated {I}mplementation for {E}nglish, {F}rench, and {D}utch},
  Author		={Dik, Simon C},
  Year			={1992},
  Address		={Berlin},  
Publisher		={Mouton de Gruyter},
}

@Book{Dik:1997structure1,
  Title			={{T}he {T}heory of {F}unctional {G}rammar. {P}art. 1: {T}he structure of the clause},
  Author		={Dik, Simon C},
  Year			={1997},
  Address		={Berlin},  
Publisher		={Mouton de Gruyter},
}

@Book{Dik:1997structure2,
  Title			={{T}he {T}heory of {F}unctional {G}rammar. {P}art. 2: {C}omplex and derived constructions},
  Author		={Dik, Simon C},
  Year			={1997},
  Address		={Berlin},  
Publisher		={Mouton de Gruyter},
}


@Unpublished{DiTullioyKornfeld:2005adjetivosdenominales,
Author		={Di Tullio, \'Angela and Kornfeld, Laura},
Year		={2005},
Title		={{C}ondiciones para la conversiÃ³n de nombres a adjetivos en espa{\~n}ol},
Note		={{P}onencia presentada en el {I}{I}{I} {E}ncuentro de {G}ram\'atica {G}enerativa, {U}niversidad {N}acional del Comahue, {N}euqu\'en, 18 a 20	de agosto},
}

@InProceedings{DiTullioSaab:2005epitetos,
Author		={Di Tullio, {\'A}ngela and Saab, Andr{\'e}s},
Year		={2005},
Title		={{D}os clases de ep\'itetos en el espa{\~n}ol: sus propiedades referenciales y sint\'acticas},
Booktitle	={{A}ctas del {C}ongreso {X}{I}{V} de la  {A}{L}{F}{A}{L}},
Address		={Universidad de Nueva LeÃ³n, M\'exico},
}

@Unpublished{DiTullioySuner:2004nombresdecualidad,
Author		={Di Tullio, {\'A}ngela and Su{\~n}er Gratac\'os, Avel{\-}Lina},
Year		={2004},
Note		={{P}onencia presentada en el {X}{X}{I}{V} {C}ongr{\`e}s {I}nternational de {L}inguistique et de {P}hilologie {R}omanes ({C}{I}{L}{P}{R}). {A}berystwyph, del 1 al 6 de agosto.},
Title		={Los `nombres de cualidad' en la estructura del {S}{D}},
}

@Book{DiTullio:2007manualgramatica,
Author		={Di Tullio, {\'A}ngela},
Year		={2007},
Title		={{M}anual de Gram{\'a}tica del {E}spa{\~n}ol},
Address		={Buenos Aires},
Publisher	={Waldhuter},
}

@Article{DiTullio:1990gramaticapedagogica,
Author		={Di Tullio, {\'A}ngela},
Year		={1990},
Title		={Lineamientos para una nueva gram\'atica pedag\'ogica},
Journal		={{R}evista de {L}engua y {L}iteratura.},
Volume		={{A}\~no 4},
Number		={8},
Pages		={3--14},
}


@Article{Dixon:1979ergativity,
Author		={Dixon, R. M. W.},
Year		={1979},
Title		={{E}rgativity},
Journal		={{L}anguage},
Volume		={55},
Number		={1},
Pages		={59--138},
}

@InCollection{Donohue:2005palue,
Author		={Donohue, Mark},
Title		={{T}he {P}aluâ€™e passive: from pragmatic construction to grammatical device},
Year		={2005},
Booktitle	={{T}he many faces of {A}ustronesian voice systems: some new empirical studies},
Editor		={Arka, I Wayan and Ross, Malcolm},
Publisher	={{P}acific {L}inguistics},
Address		={Canberra},
Pages		={59--85},
}



@InCollection{Doron:1999semitictemplates,
Title		={Semitic templates as representations of argument structure},
Author		={Doron, Edit},
Booktitle	={{P}roceedings of the 1999 {T}exas {L}inguistics {S}ociety {C}onference ``{P}erspectives on argument structure''},
Year		={1999},
Address		={Austin},
Publisher	={University of Texas, Department of Linguistics},
}

@article{Dowty:1991protoroles,
  title={{T}hematic proto-roles and argument selection},
  author={Dowty, David},
  journal={{L}anguage},
  volume={67},
  number={3},
  pages={547--619},
  year={1991},
}

@InCollection{DrivayTerzi:2007childrenpassives,
Title		={{C}hildrenâ€™s passives and the theory of grammar},
Author		={Driva, Evangelia and Terzi, Arhonto},
Year		={2007},
Booktitle	={{G}enerative approaches to language acquisition},
Editor		={Gavarr{\'o}, Anna and Freitas, Maria Jo{\~a}o Freitas },
Publisher	={Cambridge Scholar Publishers},
Pages		={189--200},
}

@Article{Dryer:1982defenseuniversalpassive,
Title		={In defense of a universal passive},
Author	={Dryer, Matthew},
Year		={2007},
Journal	={{L}inguistic {A}nalysis },
Volume	={10},
Number	={1},
Pages		={53--60},
}

@Book{Duden:2009Grammatik,
  Title={{D}ie {G}rammatik: {U}nentbehrlich f{\"u}r richtiges {D}eutsch},
  author={{D}uden},
Note	={{H}erausgegeben von der {D}udenredaktion (`{E}ditado por la Redacci{\'o}n de {D}uden')},
  volume={4},
  year={2009},
Publisher ={Dudenverlag},
Address		={{M}annheim, {W}ien, {Z}{\"u}rich},
}

@Article{DubinskyHamilton:1998epithetspronouns,
Author		={Dubinsky, Stanley and Hamilton,Robert},
Year		={1998},
Title		={{E}pithets as antilogophoric pronouns},
Journal		={{L}inguistic {I}nquiry},
Volume		={29},
Pages		={685--693},
} 

%EEEEEEEEEEEEEEEEEEEEEEEEEEEEEEEEEEEEEEEEEEEEEEEEEEEEEEEEEEEEEEEEEEEEEEEEEEEEEEEEEEEEEEEEEEEEEEEEEEEEEEEEEEEEE

@book{EgurenySoriano:2004sintroduccionintaxisminimista,
  Title			={Introducci{\'o}n a una sintaxis minimista},
  Author		={Eguren Guti{\'e}rrez, Luis and Fern{\'a}ndez Soriano, Olga},
  Year			={2004},
  Publisher		={Gredos},
  Address		={Madrid}
}

@Book{Elbourne:2013definitedescriptions,
Author		={Elbourne, Paul},
Year		={2013},
Title		={{D}efinite {D}escriptions},
Publisher	={Oxford University Press},
Address		={Oxford},
}

@Book{Embick:2010localism,
  title		={{L}ocalism versus {G}lobalism in {M}orphology and {P}honology},
  author	={Embick, David},
  year		={2010},
  publisher	={{M}{I}{T} {P}ress},
Address		={Cambridge},
}

@article{EmbickyNoyer:2001movementaftersyntax,
  title={Movement operations after syntax},
  author={Embick, David and Noyer, Rolf},
  journal={{L}inguistic {I}nquiry},
  volume={32},
  number={4},
  pages={555--595},
  year={2001},
}

@InCollection{EmbickyNoyer:2007DMandsyntaxmorphology,
Author		={Embick, David and Noyer, Rolf},
Year		={2007},
Title		={{D}istributed morphology and the syntax/morphology interface},
Editor		={Ramchand, Gillian and Reiss, Charles},
Booktitle	={The {O}xford {H}andbook of {L}inguistic {I}nterfaces},
Address		={Oxford},
Publisher	={Oxford University Press},
}

@Article{EmbickMarantz:2008blocking,
Author		={Embick, David and Marantz, Alec},
Year		={2008},
Title		={Architecture and blocking},
Journal		={Linguistic Inquiry},
Volume		={39},
Pages		={1--53},
}

@PhdThesis{Emonds:1970structurepreservingtransformations,
Author		={Emonds, Joseph},
Year		={1970},
Title		={{R}oot and {S}tructure-{P}reserving {T}ransformations},
School		={MIT},
}

@Book{ErteschikShir:2007informationstructure,
Author		={Erteschik-{S}hir, Noemi},
Year		={2007},
Title		={{I}nformation {S}tructure. {T}he {S}yntax-{D}iscourse {I}nterface},
Address		={Oxford},
Publisher	={Oxford University Press},
}

@InCollection{Espanolechevarria:1997predicateraising,
Year		={1997},
Author		={{Espa\~nol{-E}chevarr\'ia}, Manuel},
Title		={{T}wo {A}spects of the sentential {S}yntax of {N}/{A} of a {N} {D}{P}â€™s: Predicate {R}aising and {S}ubject {L}icensing},
Editor		={Schwegler, Armin and Tranel, Bernard and {Uribe-Etxebarria}, Myriam},
Booktitle	={{R}omance {L}inguistics: {T}heoretical {P}erspectives},
Address		={Amsterdam},
Publisher	={John Benjamins},
}

@Article{Evans:1977quantifiersrelativeclauses,
Author		={Evans, Gareth},
Year		={1977},
Title		={{Q}uantifiers and relative clauses {I}},
Journal		={{C}anadian {J}ournal of {P}hilosophy},
Volume		={7},
Pages		={467--536},
}

@Article{Evans:1980pronouns,
Author		={Evans, Gareth},
Year		={1980},
Title		={Pronouns},
Journal		={{L}inguistic {I}nquiry},
Volume		={11},
Number		={2},
Pages		={337--362},
}


%FFFFFFFFFFFFFFFFFFFFFFFFFFFFFFFFFFFFFFFFFFFFFFFFFFFFFFFFFFFFFFFFFFFFFFFFFFFFFFFFFFFFFFFFFFFFFFFFFFFFFFFFFFFFF

@InCollection{Fabregas:2015experimentantes,
Year		={2015},
Title		={No es experimentante todo lo que experimenta o c{\'o}mo determinar qu{\'e} es un verbo psicol{\'o}gico},
Author		={F\'abregas, Antonio},
Booktitle	={Los predicados psicol\'ogicos},
Editor		={Mar{\'i}n, Rafael},
Publisher	={Visor},
Pages		={51--79},
}

@InCollection{Fabregas:2018wordorderspanish,
  title={{W}ord {O}rder and {N}anosyntax: {P}reverbal {S}ubjects and {I}nterrogatives {A}cross {S}panish {V}arieties},
  author={F\'abregas, Antonio},
  booktitle={Exploring nanosyntax},
  pages={250--276},
  year={2018},
  publisher={Oxford University Press},
editor		={Baunaz, Lena  and De Clercq, Karen and Haegeman, Liliane and Lander, Eric},
Address		={New York},
}


@InCollection{McFadden:2006german,
  title={{G}erman {I}nherent {D}atives and {A}rgument {S}tructure},
address		={Amsterdam, Philadelphia},
Editor		={Hole, Daniel and Meinunger, Andr\'e and Abraham, Werner},
Publisher	={John Benjamins},
  author={McFadden, Thomas},
  booktitle={{D}atives and other cases: {B}etween {A}rgument {S}tructure and {E}vent {S}tructure},
  pages={49--77},
  year={2006},
}

@InCollection{Fanselow:2018ISinGermanic,
Author		={Fanselow, Gisbert},
Title		={{S}yntactic and {P}rosodic {R}eflexes of {I}nformation {S}tructure in {G}ermanic},
Year		={2018},
Pages		={621--641},
Booktitle	={{O}xford {H}andbook of {I}nformation {S}tructure},
Editor		={F\`ery, Caroline and Ishihara, Shinichiro},
Address		={Oxford},
Publisher	={Oxford University Press},
}


@Unpublished{Ferreira:2014semantica,
Title		={{S}em\^antica},
Author		={Ferreira, Marcelo},
Year		={2014},
Note		={Manuscrito},
}

@Book{FiengoyMay:1994indicesidentity,
Author		={Fiengo, Robert and May, Robert},
Title		={Indices and identity},
Year		={1994},
Address		={Cambridge/Massachusetts},
Publisher	={MIT press},
}


@InCollection{Fillmore:1968case4case,
  Title                    = {{T}he {C}ase for {C}ase},
  Author                   = {Fillmore, Charles},
  Booktitle                = {{U}niversals in {L}inguistic {T}heory},
  Publisher                = {Holt, Rinehart and Winston},
  Year                     = {1968},
  Address                  = {New York, New York},
  Editor                   = {Bach, Emmon and Harms, Richard},
  Pages                    = {1--90}
}

@InCollection{Fillmore:1970hitandbreak,
   Title                ={{T}he {G}rammar of \textit{{H}itting} and \textit{{B}reaking}},
   Author               ={Fillmore, Charles},
   Booktitle            ={{R}eading in {E}nglish {T}ransformational {G}rammar},
   Publisher            ={Ginn, Waltham},
   Year                 ={1970},
   Pages                ={120--133},
   Editor               ={Jacobs, R. and Rosenbaum, P.},
   Address              ={Massachusetts},
}

@InCollection{Fillmore:1971types,
  Title		={{T}ypes of {L}exical {I}nformation in {S}emantics},
  Author	={Fillmore, Charles J},
Booktitle	={{S}emantics},
  Year		={1971},
 Pages 	={370--392},
Editor		={Steinberg, D. and Jakobovits, L.},
Address	={Cambridge},
Publisher={Cambridge University Press},
}

@article{Fillmore:1985frames,
  title={Frames and the semantics of understanding},
  author={Fillmore, Charles J},
  journal={Quaderni di semantica},
  volume={6},
  number={2},
  pages={222--254},
  year={1985},
}


@Article{Fillmore:1988regularity,
  Title			={{R}egularity and idiomaticity in grammatical constructions: {T}he case of let alone},
Author		={Fillmore, Charles J and Kay, Paul and O'connor, Mary Catherine},
Journal		={{L}anguage},
Pages		={501--538},
Year			={1988},
}

@InCollection{Firbas:1974someaspects,
Title		={{S}ome aspects of the {C}zechoslovak approach to problems of functional sentence perspective},
Author		={Firbas, Jan},
Booktitle	={Papers on {F}unctional {S}entence {P}erspective},
Pages		={11--37},
Year		={1974},
Address		={Prague},
Publisher	={Academia},
}

@Book{Firbas:1992FSPinwritenandoral,
Year		={1992},
Author		={Firbas, Jan},
Title		={Functional sentence perspective in written and spoken
communication},
Address		={Cambridge},
Publisher	={Cambridge University Press},
}

@Incollection{FolliHarley:2005vflavors,
  Title			={Flavors of v},
  Author		={Folli, Raffaella and Harley, Heidi},
  Booktitle		={Aspectual inquiries},
  Pages		={95--120},
  Year			={2005},
  Address		={Dordrecth},
  Publisher		={Springer},
  Editor		={Kempchinsky, Paula and Slabakova, Roumyana},
}


@Article{FolliHarley:2007causation,
  Title		={{C}ausation, {O}bligation, and argument structure: {O}n the nature of little v},
  Author		={Folli, Raffaella and Harley, Heidi},
Journal		={{L}inguistic {I}nquiry},
Volume		={38},
Number		={2},
Year		={2007},
}


@InCollection{FramptonGutman:2002crashproof,
Title		={Crash-proof syntax},
Author		={Frampton, John and Gutmann, Sam},
Booktitle	={{D}erivation and {E}xplanation in the {M}inimalist {P}rogram},
Pages		={90--105},
Year		={2002},
Publisher	={Blackwell},
Editor		={Epstein, Samuel David and Seely, T. Daniel},
}

@Article{Frascarelli:2007referentialpro,
Title		={{S}ubjects, {T}opics and the {I}nterpretation of {R}eferential pro. {A}n interface approach to the linking of (null) pronouns},
Year		={2007},
Author		={Frascarelli, Mara},
Journal		={Natural Language and Linguistic Theory},
Volume		={25},
Pages		={691--734},
}

@InBook{Frege1891:funcionyconcepto,
	Title		={Funci{\'o}n y concepto},
	Author	={Frege, Gottlob},
	Booktitle	={Estudios sobre sem{\'a}ntica},
	Pages		={17--48},
	Address	={Madrid},
	Publisher	={Orbis},
	Year		={1891},
Note		={{T}raducido por {U}lises {M}oulines. A\~no de la edici\'on: 1971},
}

@InBook{Frege1892:sobresentidoyreerencia,
	Title		={{S}obre {S}entido y {R}eferencia},
	Author	={Frege, Gottlob},
	Booktitle	={{E}studios sobre sem{\'a}ntica},
	Pages		={51--86},
	Address	={Madrid},
	Publisher	={Orbis},
	Year		={1892},
Note		={{T}raducido por {U}lises {M}oulines. A\~no de la edici\'on: 1971},
}

@InBook{Frege1904:queesunafuncion,
	Title		={Qu{\' e} es una funci{\'o}n},
	Author	={Frege, Gottlob},
	Booktitle	={{E}studios sobre sem{\'a}ntica},
	Pages		={175--188},
	Address	={Madrid},
	Publisher	={Orbis},
	Year		={1904},
Note		={{T}raducido por {U}lises {M}oulines. A\~no de la edici\'on: 1971},

}



@Article{Fujita:2007langevo,
  title			={{F}acing the {L}ogical {P}roblem of {L}anguage {E}volution ({L}. {J}enkins, {V}ariation and {U}niversals in {B}iolinguistics)},
  Author		={Fujita, Koji},
  Journal		={{E}nglish {L}inguistics},
  Volume		={24},
  Number		={1},
  Pages		={78--108},
  Year			={2007},
  Publisher		={{T}he {E}nglish {L}inguistic {S}ociety of {J}apan},
}

%GGGGGGGGGGGGGGGGGGGGGGGGGGGGGGGGGGGGGGGGGGGGGGGGGGGGGGGGGGGGGGGGGGGGGGGGGGGGGGGGGGGGGGGGGGGGGGG

@article{Gaifman:1965dependency,
  Title			={{D}ependency {S}ystems and {P}hrase {S}tructure {S}ystems},
  Journal		={{I}nformation and {C}ontrol},
  Year			={1965},
  Author		={Gaifman, Haim},
  Pages		={304--337},
  Number		={8}
}

@Book{Gallego:2010phase,
  Title			={Phase theory},
  Author		={Gallego, {\'A}ngel J},
  Year			={2010},
  Publisher		={John Benjamins Publishing},
}

@Book{Gamut:1982-1991vol2,
Title		={{L}{\'o}gica, {L}enguaje y {S}ignificado. Vol. 2: L{\'o}gica {I}ntensional y {G}ram{\'a}tica L{\'o}gica},
Author		={Gamut, L. T. F},
Year		={1982/1991},
Note		={2009},
Publisher	={Eudeba},
Address		={Buenos Aires},
}

@InCollection{Gazdar:1982PSG,
Author		={Gazdar, Gerald},
Year		={1982},
Title		={{P}hrase {S}tructure {G}rammar},
Booktitle	={The {N}ature of {S}yntactic {R}epresentation},
Editor		={Jacobson, Pauline and Pullum, Geoffrey},
Address		={Dordrecht},
Publisher	={Reidel},
Pages		={131--186},
}

@Book{Gazdar-Klein-Pullum-Sag:1985GPSG,
  Title			={{G}eneralized {P}hrase {S}tructure {G}rammar},
  Author		={Gazdar, Gerald and Klein, Ewan and Pullum, Geoffrey and Sag, Ivan},
  Year			={1985},
  Publisher		={Harvard University Press},
  Address		={Cambridge, Massachusetts},
}

@InCollection{GehrkeyMarco:2015pasivaspsicologicas,
Year		={2015},
Title		={Las pasivas psicol{\'o}gicas},
Author		={Gehrke, Berit and Marco, Cristina},
Booktitle	={Los predicados psicol\'ogicos},
Editor		={Mar{\'i}n, Rafael},
Publisher	={Visor},
Pages		={145--184},
}

@InProceedings{GiammatteoAlbanoyTrombetta:2012odycp,
Author		={Giammatteo, Mabel and Albano, Hilda and Trombetta, Augusto},
Year		={2012},
Title		={El problema de la transitividad: alternancia entre objeto directo y complemento preposicional},
Editor		={Crist\'ofalo, Am\'erico and Ledesma, Jer\'onimo and Bonifatti, Karina},
Booktitle		={Actas del {V} {C}ongreso {I}nternacional ``{T}ransformaciones culturales. {D}ebates de la teor{\'i}a, la cr{\'i}tica y la ling{\"u}{\'i}stica en el {B}icentenario},
Address		={Buenos Aires},
Publisher	={Facultad de Filosof{\'i}a y Letras, Universidad de Buenos Aires},
url		={http://2012.cil.filo.uba.ar/ponencia/el-problema-de-la-transitividad-alternancia-entre-objeto-directo-y-complemento-preposicio-0},
} 


@Book{GiliGaya:1970curso,
  Title={Curso superior de sintaxis espa{\~n}ola},
  Author={Gili Gaya, Samuel},
  Year={1970},
  Publisher={Biblograf},
}

@Book{Giorgi:1997tenseandaspect,
  Title                    = {{T}ense and {A}spect. {F}rom semantics to {M}orphology},
  Author                   = {Giorgi, Alessandra and Pianesi, Fabio},
  Address                  = {New York},
  Year                     ={1997},
  Publisher		={Oxford University Press},
}

@Book{Givon:1979undertanding,
Year		={1979},
Title		={On understanding grammar},
Author		={Giv\'on, Talmy},
Address		={Orlando, Florida},
Publisher	={Academic Press},
}

@Book{Givon:1983topiccontinuity,
Year		={1983},
Title		={Topic continuity in discourse: {A} quantitative cross-language study},
Author		={Giv\'on, Talmy},
Address		={Amsterdam, Philadelphia},
Publisher	={John Benjamins},
}

@Book{Givon:2001grammarvol1,
Title		={{S}yntax. {A}n {I}ntroduction. {V}ol. 1},
Author		={Giv\'on, Talmy},
Year		={2001},
Address		={Amsterdam, Philadelphia},
Publisher	={John Benjamins},
}

@Book{Givon:2001grammarvol2,
Title		={{S}yntax. {A}n {I}ntroduction. {V}ol. 2},
Author		={Giv\'on, Talmy},
Year		={2001},
Address		={Amsterdam, Philadelphia},
Publisher	={John Benjamins},
}

@Article{Goldberg:2003constructions,
  title={{C}onstructions: {A} new theoretical approach to language},
  author={Goldberg, Adele E},
  journal={Trends in {C}ognitive {S}ciences},
  volume={7},
  number={5},
  pages={219--224},
  year={2003},
}


@Book{Goldberg:1995,
Title			={{C}onstructions: A {C}onstruction {G}rammar {A}pproach to {A}rgument {S}tructure},
Author		={Goldberg, Adele},
Year			={1995},
Address		={Chicago / London},
Publisher		={The {U}niversity of {C}hicago {P}ress},
}

@Book{Goldberg:2006,
Title			={{C}onstructions at {W}ork: {T}he {N}ature of {G}eneralization in {L}anguage},
Author		={Goldberg, Adele},
Year			={2006},
Publisher		={Oxford University Press},
Address		={Oxford},
}

@Article{Graham:1976parsing,
  title		={{P}arsing of general {C}ontext-{F}ree {L}anguages},
  author	={Graham, Susan L and Harrison, Michael A},
  Journal	={{A}dvances in {C}omputers},
  volume	={14},
  pages		={77--185},
  year		={1976},
}

@Book{Grimshaw:1990argumentstructure,
Title		={Argument Structure},
Author		={Grimshaw, Jane},
Year		={1990},
Address		={Cambridge/Massachusetts},
Publisher	={MIT Press},
}

@InCollection{Green:2011elementaryhpsg,
Booktitle	={{N}on-{T}ransformational {S}yntax},
  Title		={{E}lementary {P}rinciples of {H}{P}{S}{G}},
  Author	={Green, Georgia},
  Year		={2011},
Editor		={Borsley, Robert and B\"orjars, Kersti},
  Publisher	={Wiley Blackwell},
  Address	={Massachusetts},
Pages		={9--53},
}


@InCollection{Greenberg:1966universals,
Title		={Some {U}niversals of {G}rammar with {P}articular {R}eference to the {O}rder of {M}eaningful {E}lements},
Pages		={73--113},
Booktitle	={Universals of {L}anguage},
Editor		={Greenberg, Joseph H.},
Author		={Greenberg, Joseph H.},
Year		={1966},
Publisher	={MIT Press},
Address		={Cambridge, Massachusetts},
}

@Article{Gross:Osborne:2009dependencydiscontinuities,
Title		={{T}oward a practical {D}ependency {G}rammar theory of discontinuities},
Author	={Gro{\ss}, Thomas and Osborne, Timothy},
Year		={2009},
Journal	={{S}{K}{Y} {J}ournal of {L}inguistics},
Volume	={22},
Pages		={43--90},
}

@phdthesis{Gruber:1965studies,
  title={{S}tudies in {L}exical {R}elations},
  author={Gruber, Jeffrey Steven},
  year={1965},
  school={{M}{I}{T}}
}

@article{GuerreroyVanValin:2004yaqui,
Title		={Yaqui and the analysis of primary object languages},
Author		={Guerrero, Lili{\'a}n and Van Valin, Robert D},
Journal		={International Journal of American Linguistics},
Volume		={70},
Number		={3},
Pages		={290--319},
Year		={2004},
}

@Book{Gutzmann:2015conditionalmeaning,
Author		={Gutzmann, Daniel},
Year		={2015},
Title		={Use-conditional meaning: Studies in multidimensional meaning},
Address		={Oxford},
Publisher	={Oxford University Press},
} 

%HHHHHHHHHHHHHHHHHHHHHHHHHHHHHHHHHHHHHHHHHHHHHHHHHHHHHHHHHHHHHHHHHHHHHHHHHHHHHHHHHHHHHHHHHHHHHHH

@Book{Haider:2010germansyntax,
Author		={Haider, Hubert},
Year		={2010},
Title		={The {S}yntax of {G}erman},
Address		={Cambridge},
Publisher	={Cambridge University Press},
}

@InCollection{HaleyKeyser:1993syntacticrelations,
Title		={On argument structure and the lexical representation of syntactic relations},
Year		={1993},
Author		={Hale, Ken and Keyser, Samuel},
Booktitle	={The view from building 20},
Address		={Cambridge/Massachusetts},
Publisher	={MIT Press},
Pages		={53--110},
Editor		={Hale, Ken and Keyser, Samuel}
}


@Book{Hale:2002prologemenon,
  Title                    = {Prolegomenon to a theory of argument structure},
  Author                   = {Hale, Ken and Keyser, Samuel Jay},
  Publisher                = {MIT Press},
  Year                     = {2002},
  Address                  = {Cambridge, Massachusetts},
}

@InCollection{Halle:1993distributedmorphology,
  Title                    = {Distributed Morphology and the Pieces of Inflection},
  Author                   = {Halle, Morris and Marantz, Alec},
  Booktitle                = {The View from Building 20},
  Publisher                = {MIT Press},
  Year                     = {1993},
  Address                  = {Cambridge, Massachusetts},
  Editor                   = {Hale, Kenneth and Keyser, Samuel Jay},
  Pages                    = {111--176},
}


@article{Halliday:1967notes,
Title		={Notes on transitivity and theme in English: Part 2},
Author		={Halliday, Michael AK},
Journal		={Journal of linguistics},
Volume		={3},
Number		={2},
Pages		={199--244},
Year		={1967},
}

@Book{Harbert:2006germaniclaguages,
  Title			={The {G}ermanic {L}anguages},
  Author		={Harbert, Wayne},
  Year			={2006},
  Publisher		={Cambridge University Press},
  Address		={Cambridge},
}


@Book{Harris:1993wars,
  Title			={The linguistics wars},
  Author		={Harris, Randy Allen},
  Year			={1993},
  Publisher		={Oxford University Press},
  Address		={New York / Oxford},
}

@Article{Haspelmath:1990grampassive,
  Title                    = {The grammaticization of passive morphology},
  Author                   = {Haspelmath, Martin},
  Journal                  = {Studies in Language},
  Year                     = {1990},
  Number                   = {1},
  Pages                    = {25--72},
  Volume                   = {14},
}

@article{Hays:1964dependency,
  title			={Dependency theory: A formalism and some observations},
  author		={Hays, David G},
  journal		={Language},
  volume		={40},
  number		={4},
  pages		={511--525},
  year			={1964},
}

@PhdThesis{Heim:1982thesis,
	Author	={Heim, Irene},
	Year		={1982},
	School		={MIT},
	Title		={The semantics of Definite and Indefinite Noun Phrase}
}

@Book{Heim:1998semantics,
  Title			={Semantics in generative grammar},
  Author		={Heim, Irene and Kratzer, Angelika},
  Volume		={13},
  Year			={1998},
  Publisher		={Blackwell Oxford}
}

@InCollection{Heim:2008featuresonpronouns,
Title		={Features on Bound Pronouns},
Author		={Heim, Irene},
Booktitle	={Phi Theory: Phi Features across Interfaces and Modules},
Year		={2008},
Address		={Oxford},
Editor		={Adger, David and B\'ejar, Susana and Harbour, Daniel},
Publisher	={Oxford University Press},
Pages		={35--56},
}



@book{Herburger:2000whatcounts,
  Title			={What counts: Focus and quantification},
  Author		={Herburger, Elena},
  Year			={2000},
  Publisher		={MIT Press},
  Address		={Cambridge/Massachusetts},
}

@Book{HernanzBrucart:1987,
Author		={Hernanz, Mar\'ia LLu\"isa and Brucart, Jos\'e Mar\'a },
Title		={La sintaxis: 1. Principios te\'oricos. La oraci\'on simple},
Year		={1987},
Publisher	={Cr\'itica},
Address		={Barcelona},
}


@Article{Higginbotham:1985onsemantics,
Title		={On semantics},
Journal		={Linguistic Inquiry},
Volume		={16},
Number		={4},
Pages		={547--593},
Author		={Higginbotham, James},
Year		={1985},
}


@InCollection{HirschWexler:2007,
Author		={Hirsch, Christopher and Wexler, Kenneth},
Title			={The late acquisition of raising: What children seem to think about seem},
Booktitle		={New horizons in the analysis of control and raising},
Year			={2007},
Publisher		={Springer},
Editor			={Dubinsky, S and Davies, B},
Address		={New York}
}


@Book{Hjelmslev:1943prologomenosspanish,
   Title			={Proleg{\'o}menos a una teorÃ­a del lenguaje},
   Author		={Hjelmslev, Louis},
   Year			={1943},
   Note		={1980},
   Publisher		={Gredos},
   Address		={Madrid},
  Series		={Traducido por Jos{\'e} Luis D{\'i}az de Lla{\~n}o}
}

@Article{Hockett:1960,
Title		={The origin of speech},
Author		={Hockett, Charles F.},
Year		={1960},
Journal		={Scientific American},
Volume		={203},
Pages		={89--96},
}


@Article{Hofweber:2005numberdeterminers,
Title			={Number determiners, numbers, and arithmetic},
Year			={2005},
Pages			={179--225},
Journal		={The philosophical Review},
Number		={2},
Volume		={114},
}

@article{Hohn:2016unagreement,
  title={Unagreement is an illusion: Apparent person mismatches and nominal structure},
  Author				={H{\"o}hn, Georg},
  journal				={Natural Language and Linguistic Theory},
  year					={2016},
  Volume 				={34},
	Number				={2},
    Pages				={543--592},
}


@book{HopcroftMotwaniUllman:2006automata,
  Title={Automata theory, languages, and computation},
  Author={Hopcroft, John E and Motwani, Rajeev and Ullman, Jeffrey D},
  Publisher={Addison-Wesley},
  Year={2006},
  Address={Boston, Massachusetts},
}

@Article{HornsteinWeinberg:1981pstranding,
Author		={Hornstein, Norbert and Weinberg, Amy},
Year		={1981},
Title		={{C}ase {T}heory and {P}reposition {S}tranding},
Journal		={Linguistic Inquiry},
Volume		={12},
Pages		={55--91},
}

@Book{Hornstein:1990astimegoesby,
Author		={Hornstein, Norbert},
Year		={1990},
Title		={As Time Goes by: Tense and Universal Grammar},
Address		={Cambridge, Massachusetts},
Publisher	={MIT press},
}


@Article{Hornstein:1999movementandcontrol,
  Title                    = {Movement and Control},
  Author                   = {Hornstein, Norbert},
  Journal                  = {Linguistic Inquiry},
  Year                     = {1999},
  Number                   = {1},
  Pages                    = {69--96},
  Volume                   = {30},
}


%IIIIIIIIIIIIIIIIIIIIIIIIIIIIIIIIIIIIIIIIIIIIIIIIIIIIIIIIIIIIIIIIIIIIIIIIIIIIIIIIIIIIIIIIIIIIIIIIIIIIIIIIIIIIIIIIIIIIIIIIIIIIIIIIIIIIIIIIIIIIIIIIIIIIIIIIIIIIIIIIIIIIIIII

@Article{IoninyMatushansky:2006complexcardinals,
  	Title		={The Composition of Complex Cardinals},
  	Author		={Ionin, Tania and Matushansky, Ora},
  	Journal		={Journal of Semantics},
  	Volume		={23},
  	Pages		={315--360},
	Year		={2006},
 }

%JJJJJJJJJJJJJJJJJJJJJJJJJJJJJJJJJJJJJJJJJJJJJJJJJJJJJJJJJJJJJJJJJJJJJJJJJJJJJJJJJJJJJJJJJJJJJJJJJJJJJJJJJJJJJJJJJJJJJJJJJJJJJJJJJJJJJJJ

@Book{Jackendoff:1972semanticinterpretation,
Author		={Jackendoff, Ray},
Year		={1972},
Title		={Semantic interpretation in generative grammar},
Address		={Cambridge, Massachusetts},
Publisher	={MIT Press},
}

@Book{Jackendoff:1990semanticstructures,
Title		={{S}emantic {S}tructures},
Author		={Jackendoff, Ray S.},
Publisher	={{M}{I}{T} {P}ress},
Year		={1990},
Address		={Cambridge},
}

@Book{Jacobson:2014compositionalsemantics,
Author		={Jacobson, Pauline},
Year		={2014},
Title		={Compositional {S}emantics. {A}n {I}ntroduction to the {S}yntax/{S}emantics {I}nterface},
Address		={Oxford},
Publisher	={Oxford University Press},
}

@Book{Jaeggli:1982RomanceSyntax,
Author            ={Jaeggli, Osvaldo},
Year		={1982},
Title		={{T}opics in {R}omance {S}yntax},
Address		={Dordrecht},
Publisher	={Foris},
}

@Article{Jaeggli:1986passive,
  Title                    = {Passive},
  Author                   = {Jaeggli, Osvaldo},
  Journal                  = {Linguistic Inquiry},
  Year                     = {1986},
  Pages                    = {587--622},
  Volume                   = {17}
}

@Book{Jespersen:1949part2volume1,
Author		={Jespersen, Otto},
Title			={A Modern English Grammar on Historical Principles. Part II: Syntax},
Year			={1949},
Volume		={1},
Publisher		={Einar Muunsksgaard},
Address		={Copenhagen},
}

@Book{Jespersen:1949part3volume2,
Author		={Jespersen, Otto},
Title			={A Modern English Grammar on Historical Principles. Part III: Syntax},
Year			={1949},
Volume		={2},
Publisher		={Einar Muunsksgaard},
Address		={Copenhagen},
}


@Inproceedings{JimenezyMarin:2000activapasiva,
  Title			={Por activa y por pasiva},
  Author		={Jim{\'e}nez, Silvia and Mar{\'\i}n, Rafael},
  Booktitle		={Actas del IV Congreso de Ling{\"u}{\'\i}stica General, CÃ¡diz del 3 al 6 de abril 2000},
  Pages		={1501--1514},
  Year			={2002},
}

@Article{JohnsonyLappin:1997,
Author		={Johnson, D. and Lappin, S.},
Year		={1997},
Title		={{A} critique of the {M}inimalist {P}rogram},
Journal		={{L}inguistics and {P}hilosophy},
Volume		={20},
Pages		={273--333},
}

@Unpublished{Johnson:2001framenet,
Title		={{T}he {F}rame{N}et project: {T}ools for lexicon building},
Author		={Johnson, Christopher and Fillmore, Charles J and Wood, E and Ruppenhofer, Josef and Urban, Margaret and Petruck, Miriam and Baker, Collin},
Note		={{M}anuscrito. {B}erkeley, {C}{A}, {I}nternational {C}omputer {S}cience {I}nstitute},
Year		={2001},
}

%KKKKKKKKKKKKKKKKKKKKKKKKKKKKKKKKKKKKKKKKKKKKKKKKKKKKKKKKKKKKKKKKKKKKKKKKKKKKKKKKKKKKKKKKKKKKKKKKKKKKKKKKKKKKKKKKKK

@InCollection{Kaplan:1989demonstratives,
Author		={Kaplan, David},
Year		={1989},
Title		={Demonstratives},
Editor		={Almog, Joseph and Perry, John and Wettstein, Howard},
Publisher	={Oxford University Press},
Address		={Oxford},
Pages		={481--563},
Booktitle	={Themes from Kaplan},
}
 

@article{Kato:1999nullsubjectparameter,
  title={Strong and weak pronominals in the null subject parameter},
  author={Kato, Mary Aizawa},
  journal={Probus},
  volume={11},
  number={1},
  pages={1--38},
  year={1999},
}

@Book{KatzyPostal:1964integratedtheory,
Author		={Katz, Jerrold and Postal, Paul},
Year		={1964},
Title		={An Integrated Theory of Linguistic Descriptions},
Address		={Cambridge, Massachusetts},
Publisher	={The MIT Press},
}


@InProceedings{Kay:1979FUG,
Author		={Kay, Martin},
Year		={1979},
Title		={Functional Unification Grammar},
Booktitle		={Proceedings of the 5th Annual Meeting of the Berkeley Linguistics Society},
Pages		={142--158},
}

@InCollection{Kay:1985ParsinginFUG,
Author		={Kay, Martin},
Year		={1985},
Title		={Parsing in Functional Unification Grammar},
Editor		={Dowty, David and Karttunen, Lauri and Zwicky, Arnold},
Booktitle	={Natural Language Parsing},
Pages		={251--278},
Address		={Cambridge},
Publisher	={Cambridge University Press},
}

@PhdThesis{Kayne:1969thesis,
Author		={Kayne, Richard},
Year		={1969},
Title		={The transformational cycle in French syntax},
School		={MIT},
}


@Book{Kayne:1975frenchsyntax,
  Title                    = {French Syntax: the Transformational Cycle},
  Author                   = {Kayne, Richard S.},
  Publisher                = {MIT Press},
  Year                     	={1975},
  Address                  ={Cambridge, Massachusetts},
}

@Article{Kayne:1981differencesfrenchandenglish,
Author		={Kayne, Richard},
Title		={{O}n {C}ertain {D}ifferences between {F}rench and {E}nglish},
Year		={1981},
Volume		={12},
Number		={3},
Pages		={349--371},
Journal		={Linguistic Inquiry},
}

@Book{Kayne:1994antisymmetry,
  title={The {A}ntisymmetry of {S}yntax},
  author={Kayne, Richard},
  year={1994},
address	={Cambridge},
  Publisher={{M}{I}{T} {P}ress},
}

@InCollection{Keenan:1985passive,
  Title                    	= {Passive in the world's languages},
  Author                   = {Keenan, Edward L. and Dryer, Matthew},
  Booktitle               	= {Language typology and syntactic description: Clause structure},
  Publisher                = {Cambridge University Press},
  Year                     	= {1985},
  Address            	= {Cambridge, England},
  Editor                 	= {Shopen, Timothy},
  Pages            	= {243--281},
  Volume		={I}
}

@InCollection{Keenan:1987universalspassiveRG,
  Title                    	= {Some Universals of Passive in Relational Grammar},
  Author                   = {Keenan, Edward L.},
  Booktitle               	= {Universal Grammar: 15 Essays},
  Publisher                = {Croom Helms},
  Year                     	= {1987},
  Address            	= {New Hampshire},
  Pages		={197--213},
}

@InCollection{Keenan:1987passivephrasal,
  Title                    	= {Passive is phrasal (not sentential or lexical)},
  Author                   = {Keenan, Edward L.},
  Booktitle               	= {Universal Grammar: 15 Essays},
  Publisher                = {Croom Helms},
  Year                     	= {1987},
  Address            	= {New Hampshire},
  Pages		={214--244},
}


@Book{Kimenyi:1980KinyarwandaRG,
Title		={A {R}elational {G}rammar of {K}inyarwanda},
Author		={Kimenyi, Alexandre},
Year		={1980},
Publisher	={University of California},
Address		={California},
}


@PhdThesis{Koizumi:1995tesis,
Title		={Phrase structure in minimalist syntax},
Author		={Koizumi, Masatoshi},
Year		={1995},
School		={MIT},
}

@PhdThesis{KoontzGarboden:2007monotonicity,
Title		={States, {C}hanges of {S}tate, and the {M}onotonicity {H}ypothesis},
Author		={Koontz-Garboden, Andrew},
Year		={2007},
School		={Stanford University},
}

@PhdThesis{Kornfeld:2005tesis,
Title		={Formaci{\'o}n de palabras en la sintaxis desde la perspectiva de la Morfolog{\'i}a Distribuida},
Author		={Kornfeld, Laura},
Year		={2005},
School		={Universidad de Buenos Aires}
}


@Article{Kratzer:1977mustandcan,
Author		={Kratzer, Angelika},
Year		={1977},
Title		={What `mustâ€™ and `canâ€™ Must and Can Mean},
Journal		={Linguistics and Philosophy},
Volume		={1},
Pages		={337--355},
}

@InCollection{Kratzer:1996severingEA,
  title={Severing the external argument from its verb},
  author={Kratzer, Angelika},
  booktitle={Phrase structure and the lexicon},
  pages={109--137},
  editor ={Rooryck, Johan and Zaring, Laurie},
year={1996},
  publisher={Springer},
}

@InProceedings{Kratzer:1998analogiesbetweentensesandpronouns,
Author		={Kratzer, Angelika},
Year		={1998},
Title		={More structural analogies between tenses and pronouns},
Editor		={Strolovich, Devon and Lawson, Aaron},
Booktitle	={Proceedings of SALT},
Pages		={92--110},
}


@Article{Kratzer:2009pronoun,
Title		={Making a pronoun: fake indexicals as a window into the properties of pronouns},
Year		={2009},
Author		={Kratzer, Angelika},
Journal		={Linguistic Inquiry},
Volume		={40},
Number		={2},
Pages		={187--237}
}

@Book{Kratzer:2012modalsconditionals,
Author		={Kratzer, Angelika},
Year		={2012},
Title		={Modals and conditionals},
Address		={Oxford},
Publisher	={Oxford University Press},
}

@Article{Krifka:2007approximate,
  title			={Approximate interpretation of number words: A case for strategic communication},
  author		={Krifka, Manfred},
  Year			={2007},
Pages			={109--132},
  publisher		={CSLI Publications},
Address		={Stanford},
}

@Article{Krifka:2008basic,
  title={Basic notions of information structure},
  author={Krifka, Manfred},
  journal={Acta Linguistica Hungarica},
  volume={55},
  number={3-4},
  pages={243--276},
  year={2008},
  publisher={Akad{\'e}miai Kiad{\'o}}
}

@Unpublished{KrochyJoshi:1985TAG,
Author		={Kroch, Anthony and Joshi, Aravind},
Year		={1985},
Title		={The linguistic relevance of {T}ree {A}djoining {G}rammar},
Note		={Manuscrito. University of Pennsylvania},
}

@Article{Kuroda:1972categorialandtheticjudgments,
Author		={Kuroda, S. -Y.},
Year		={1972},
Title		={The categorical and the thetic judgment: Evidence from japanese syntax},
Journal		={Foundations of language}, 
Pages		={153--185},
Volume		={9},
Number		={2},
}

@Article{KurtzmanMacDonald:1993scopeamgiguity,
Author		={Kurtzman, H.S  and MacDonald, M.C.},
Journal		={Cognition},
Title		={{R}esolution of quantifier scope ambiguities},
Volume		={48},
Year		={1993},
Pages		={243--279},
}


%LLLLLLLLLLLLLLLLLLLLLLLLLLLLLLLLLLLLLLLLLLLLLLLLLLLLLLLLLLLLLLLLLLLLLLLLLLLLLLLLLLLLLLLLLLLLLLLLLLLLLLLLLLLLLLLLLLLLLLLLLLLLLLLLLLLLLLLLL

@InCollection{Laka:2006caseinbasque,
Title		={On the nature of case in Basque: structural or inherent?},
Author		={Laka, Itziar},
Editor		={Broekhuis, H. and Corver, N. and Koster, J. and Huybregts, R. and Kleinhenz, U.},
Year		={2006},
Booktitle	={Organizing Grammar},
Address		={Berlin},
Publisher	={Mouton de Gruyter},
Pages		={374--382},
}

@article{Lakoff:1973hedges,
  title={Hedges: A study in meaning criteria and the logic of fuzzy concepts},
  author={Lakoff, George},
  journal={Journal of philosophical logic},
  volume={2},
  number={4},
  pages={458--508},
  year={1973},
}

@Article{Lambek:1958mathematicsofsentences,
Title		={The Mathematics of Sentence Structure},
Year		={1958},
Author		={Lambek, Joachim},
Journal		={The American Mathematical Monthly},
Volume		={65},
Number		={3},
Pages		={154--170},
}

@Book{Landau:2010experienceraslocatives,
Title		={{T}he {L}ocative {S}yntax of {E}xperiencers},
Author		={Landau, Idan},
Year		={2010},
Address		={Cambridge, Massachusetts},
Publisher	={The {M}{I}{T} {P}ress},
}

@article{Landau:2010implicitarguments,
  title={The explicit syntax of implicit arguments},
  author={Landau, Idan},
  journal={Linguistic Inquiry},
  volume={41},
  number={3},
  pages={357--388},
  year={2010},
}

@Book{Landman:2000eventplurality,
Title		={Events and plurality},
Author		={Landman, Fred},
Year		={2000},
Address		={Dordrecht},
Publisher	={Kluwer},
}



@InCollection{Landman:2003predicateargument,
Title			={Predicate-argument mismatches and the adjectival theory of idefinites},
Year			={2003},
Author			={Landman, Fred},
Booktitle		={From NP to DP: The sytax and semantics of noun phrases},
Editor			={Coene, M and d'Hulst, Y},
Volume			={1},
Pages			={211--237},
Address			={Amsterdam},
Publisher		={John Benjamins},
}

@book{Langacker:1987foundations,
  title={{F}oundations of {C}ognitive {G}rammar: {T}heoretical {P}rerequisites},
  author={Langacker, Ronald W},
  volume={1},
  year={1987},
  publisher={Stanford University Press},
Address		={Stanford},
}

@book{Langacker:1991foundations2,
  title={{F}oundations of {C}ognitive {G}rammar: {D}escriptive {A}pplication},
  author={Langacker, Ronald W},
  volume={2},
  year={1991},
  publisher={Stanford University Press},
Address		={Stanford},
}

@InCollection{Langacker:2005constructiongrammars,
Author		={Langacker, Ronald},
Year		={2005},
Title		={{C}onstruction {G}rammars: cognitive, radical, and less so},
Editor		={Ruiz de Mendoza Iba{\~n}ez, Francisco J. and Pe{\~n}a Cervel, M. Sandra},
Booktitle	={{C}ognitive {L}inguistics: {I}nternal {D}ynamics and {I}nterdisciplinary {I}nteraction},
Pages		={101--159},
Address		={Berlin, New York},
Publisher	={Mouton de Gruyter},
}

@InCollection{Langacker:2007cognitivegrammar,
Author		={Langacker, Ronald},
Year		={2007},
Title		={{C}ognitive {G}rammar},
Publisher	={{O}xford {U}niversity {P}ress},
Address		={Oxford},
Editor		={Geeraerts, Dirk and Cuyckens, Hubert},
Pages		={421--462},
Booktitle	={{T}he {O}xford {H}andbook of {C}ognitive {L}inguistics},
}



@Book{Langacker2008:basicintroduction,
Author		={Langacker, Ronald},
Year		={2008},
Title		={{C}ognitive {G}rammar: a {B}asic {I}ntroduction},
Publisher	={Oxford University Press},
Address		={Oxford},
}

@Article{Larson:1988DOC,
  title={On the double object construction},
  author={Larson, Richard K},
  journal={Linguistic inquiry},
  volume={19},
  number={3},
  pages={335--391},
  year={1988},
}

@Article{Larson:2010applicatives,
  title={{O}n {P}ylkk\"anen's {S}emantics for {L}ow {A}pplicatives},
  author={Larson, Richard K},
  journal={Linguistic inquiry},
  volume={41},
  number={4},
  pages={701--704},
  year={2010},
}

@Article{Lasnik:1976correference,
Author		={Lasnik, Howard},
Year		={1976},
Title		={Remarks on co-reference},
Journal		={Linguistic Analysis},
Volume		={2},
Pages		={1--22},
}

@Incollection{Lasnik:1981restricting,
  title={Restricting the theory of transformations: A case study},
  author={Lasnik, Howard},
  booktitle={Explanations in linguistics},
  pages={152--173},
  year={1981},
  publisher={Longman},
Editor			={Hornstein, Norbert and Lightfoot, David},
}

@Article{Lasnik:1992caseandexpletives,
Author		={Lasnik, Howard},
Title			={Case and expletives: Notes toward a parametric account},
Journal		={Linguistic Inquiry},
Volume		={23},
Number		={3},
Year			={1992},
Pages			={381--405},
}

@InBook{Lasnik:1999pseudogapping,
Title		={A note on pseudogapping},
Booktitle	={Minimalist Analysis},
Author		={Lasnik, Howard},
Year		={1999},
Address		={Massachusetts},
Publisher	={Blackwell},
Pages		={151--174},
Note		={Cap. 7},
}

@Book{Lasnik:2000syntacticstructures,
Title		={Syntactic structures revisited: Contemporary lectures on classic transformational theory},
Author		={Lasnik, Howard and Depiante, Marcela A and Stepanov, Arthur},
Year		={2000},
Publisher	={MIT Press},
Address		={Massachusetts},
}

@Article{Lasersohn:1999pragmatichalos,
  title={Pragmatic halos},
  author={Lasersohn, Peter},
  journal={Language},
  pages={522--551},
  year={1999},
}



@Book{LazaroCarreter:1980estudios,
Tite		={Estudios de Ling{\"u}{\'i}stica},
Author	={L{\'a}zaro Carreter, Fernando},
Address	={Barcelona},
Year		={1980},
Publisher	={Cr{\'i}tica}
}

@InCollection{LazaroCarreter:1980sobrelapasiva,
Title		={Sobre la pasiva en espa{\~n}ol},
Author	={L{\'a}zaro Carreter, Fernando},
Year		={1980},
Booktitle	={Estudios de Ling{\"u}{\'i}stica},
Pages		={61--72},
Address	={Barcelona},
Publisher	={Cr{\'i}tica}
}

@Book{Leech:1974semantics,
Year		={1974},
Title		={Semantics},
Author		={Leech, Geoffrey},
Publisher	={Penguin},
Address		={Middlesex},
Note		={Manejamos la traducci\'on de {J}uan {L}uis {T}ato {G}. {E}spada, {M}adrid: {A}lianza, 1977.},
}


@Book{Legate:2014voiceandv,
Year		={2014},
Title		={Voice and v: Lessons from Acehnese},
Author		={Legate, Julie Anne},
Publisher	={MIT Press},
Address		={Cambridge, Massachusetts},
}


@Book{Lenz:1944oracionysuspartes,
Author		={Lenz, Rodolfo},
Year		={1944},
Title		={La oraci{\'o}n y sus partes},
Publisher	={Editorial Nascimento},
Address		={Santiago de Chile},
Note		={Cuarta edici{\'o}n},
}

@article{Leonetti:2010expresion,
  title={La expresi{\'o}n de la estructura informativa en la sintaxis: un par{\'a}metro de variaci{\'o}n en las lenguas rom{\'a}nicas},
  author={Leonetti, Manuel},
  journal={{R}omanistisches {J}ahrbuch},
  volume={61},
  pages={338--355},
  year={2010}
}


@InCollection{LeonettiEscandellVidal:2010anteposiciones,
Year		={2010},
Author		={Leonetti, Manuel and Escandell Vidal, Victoria},
Title		={Las anteposiciones inductoras de foco de polaridad},
Booktitle	={{L}a renovaci\'on de la palabra en el bicentenario de la {A}rgentina. {L}os colores de la mirada ling\"u\'istica},
Address		={{M}endoza},
Editor		={Castel, V\'ictor M. and Cubo de Severino, Liliana},
Publisher	={{E}d. de la {U}niversidad {N}acional de {C}uyo},
}

@article{Levelt:1981linearization,
  title={The speakerâ€™s linearization problem},
  author={Levelt, Willem JM},
  journal={{P}hilosophical {T}ransactions of the {R}oyal {S}ociety of {L}ondon. {B}, {B}iological {S}ciences},
  volume={295},
  pages={305--315},
  year={1981},
  publisher={The Royal Society London},
}

@Book{Levin:1993englishclasses,
  Title                    = {{E}nglish {V}erb {C}lasses and {A}lternations},
  Author                   = {Levin, Beth},
  Publisher                = {University of Chicago Press},
  Year                     = {1993},
  Address                  = {Chicago},
  Pages                    = {348},
}

@article{Levin:1999objecthood,
  title={{O}bjecthood: {A}n event structure perspective},
  author={Levin, Beth},
  journal={{P}roceedings of {C}{L}{S}},
  volume={35},
  pages={223--247},
  year={1999}
}

@Book{LevinRappaport:2005argument,
Title		={{A}rgument {R}ealization},
Author		={Levin, Beth and {Rappaport Hovav}, Malka},
Year		={2005},
Publisher	={Cambridge University Press},
Address		={Cambridge},
}

@article{Levin:2015semantics,
  Title={Semantics and pragmatics of argument alternations},
  Author={Levin, Beth},
  Journal={Linguistics},
  Volume={1},
  Year={2015}
}

@Book{Lewis:1986pluralidaddemundos,
Note		={{T}raducido por {E}duardo {G}arc{\'i}a {R}am\'irez, 2015},
Year		={1986},
Title		={Sobre la pluralidad de mundos},
Author		={Lewis, David},
Address		={M{\'e}xico},
Publisher	={{U}{N}{A}{M}},
}

@Article{Lewis:1978truthinfiction,
Year		={1978},
Journal		={{A}merican {P}hilosophical {Q}uarterly},
Volume		={15},
Number		={1},
Pages		={37--46},
Title		={Truth in fiction},
Author		={Lewis, David},
} 

@InCollection{Link:1983plurals,
author		={Link, Godehard},
Year		={1983},
Title		={The logical analysis of plurals and mass terms: a lattice-theoretic approach},
Editor		={B{\"a}uerle, Rainer and Egli, Urs and von Stechow, Arnim}, 
Booktitle	={{M}eaning, {U}se and the {I}nterpretation of {L}anguage},
Pages		={303--323},
Address		={Berlin},
Publisher	={Mouton de Gruyter},
}

@Article{Lynch:1972passivestongan,
Year		={1972},
Author		={Lynch, John},
Title		={Passives and statives in Tongan},
Journal		={The Journal of the Polynesian Society},
Volume		={81}, 
Number		={1},
Pages		={5--18},
}

@InCollection{Lodrup:2011,
Booktitle	={Non-{T}ransformational {S}yntax},
  Title		={{L}exical-{F}unctional {G}rammar: {F}unctional {S}tructure},
  Author	={L{\o}drup, Helge},
  Year		={2011},
Editor		={Borsley, Robert and B\"orjars, Kersti},
  Publisher	={Wiley Blackwell},
  Address	={Massachusetts},
Pages		={141--180},
}


%MMMMMMMMMMMMMMMMMMMMMMMMMMMMMMMMMMMMMMMMMMMMMMMMMMMMMMMMMMMMMMMMMMMMMMMMMMMMMMMMMMMMMMMM

@InCollection{ManacordadeRosetti:1969FVP,
Title			={La frase verbal pasiva en el sistema espa{\~n}ol},
Booktitle		={Estudios de GramÃ¡tica Estructural},
Author		={{Manacorda de Rosetti}, Mabel},
Publisher		={Paid{\'o}s},
Year			={1969},
Pages			={{A}na {M}ar{\'i}a {B}arrenechea y {M}abel {M}anacorda de {R}osetti, 71--90},
Address		={Buenos Aires},
}

@PhdThesis{Manning:1994ergativity,
Title		={{E}rgativity: {A}rgument {S}tructure and {G}rammatical {R}elations},
Author		={Manning, Christopher},
Year		={1994},
School		={Stanford University},
}

@Book{Marantz:1984gramrelations,
  Title                    = {{O}n the {N}ature of {G}rammatical {R}elations},
  Author                   = {Marantz, Alec},
  Publisher                = {The {M}{I}{T} {P}ress},
  Year                     = {1984},
  Address                  = {Cambridge, Massachusetts},
}

@Book{Mare:2012tesismaestria,
Author		={Mare, Mar{\'i}a},
Year		={2012},
Title		={Sobre la naturaleza de la compa{\~n}{\'i}a},
Note		={{T}esis de maestr{\'i}a, {U}niversidad {N}acional del {C}omahue},
}

@InCollection{Marin:2015pasivaspsicologicas,
Year		={2015},
Title		={Los predicados psicol{\'o}gicos: debate sobre el estado de la cuesti{\'o}n},
Author		={Mar\'in, Rafael},
Booktitle	={Los predicados psicol\'ogicos},
Editor		={Mar{\'i}n, Rafael},
Publisher	={Visor},
Pages		={11--50},
}

@InCollection{Marin:2011casitodos,
Year		={2011},
Title		={Casi todos los predicados psicol\'ogicos son estativos},
Author		={Mar\'in, Rafael},
Booktitle	={Sobre estados y estatividad},
Editor		={A, Carrasco},
Publisher	={Lincom},
Pages		={26--44},

}

@PhdThesis{Masullo:1992tesis,
  Title			={Incorporation and Case Theory in Spanish: A Crosslinguistic perspective},
  Year			={1992},
  Author		={Masullo, Pascual},
  School		={University of Washington},
}

@Article{Matthews:1979recursivenessofNLs,
Author		={Matthews, Robert},
Title		={Are the grammatical sentences of a language a recursive set?},
Journal		={Synthese},
Volume		={40},
Year		={1979},
Pages		={209--224},
}

@book{Matthews:1974o1991morphology,
Title		={{M}orphology},
Author		={Matthews, Robert},
Year		={1974},
Publisher	={{C}ambridge {U}niversity {P}ress},
Note		={{M}anejamos la edici\'on en ingl\'es de 1991. {H}ay traducci\'on al espa{\~n}ol por {R}afael {M}onroy {C}asas. \textit{Mofolog\'ia: {I}ntroducci{\'o}n a la teor\'ia de la estructura de la palabra}. {M}adrid: {P}araninfo. 1980.},
Address		={Cambridge},
}

@book{Mathesius:1975functional,
Title		={A functional analysis of present day English on a general linguistic basis},
Author		={Mathesius, Vil{\'e}m},
Year		={1975},
Publisher	={Walter de Gruyter},
Note		={Editado por Josef Vachek},
Address		={The Hague, Paris},
}

@Article{Matushansky:2006mmerger,
	Title		={Head movement in linguistic theory},
	Year		={2006},
	Author		={Matushansky, Ora},
	Journal		={Linguistic Inquiry},
	Number		={37},
	Pages		={69--109},
}

@PhdThesis{May:1977QR,
Title		={The {G}rammar of {Q}uantification},
Year		={1977},
School		={Massachusetts Institute of Technology},
Author		={May, Robert},
}

@InCollection{McCawley:1974,
Year		={1974},
Author		={{M}c{C}awley, James},
Title		={La inserci\'on l\'exica en las gram\'aticas transformatorias sin estructura profunda},
Booktitle	={Sem\'antica y sintaxis en la ling\"u\'istica transformatoria, {I}},
Editor		={S\'anchez de Zavala, V\'ictor},
Pages		={259--275},
Address		={Madrid},
Publisher	={Alianza},
Note		={Traducido por Conxita Lle\'o y V\'ictor S\'anchez de Zavala en base a una versi\'on del trabajo de 1968 y una reversi\'on de 1971 que fue publicada luego en 1973},
}


@Article{McCready:2010varietiesofci,
Author		={McCready, Eric},
Year		={2010},
Title		={Varieties of conventional implicatures},
Journal		={Semantics \& Pragmatics},
Volume		={3},
Pages		={1--57},
}

@Article{Mejias:1990construcciones,
Title		={Construcciones causativas en euskera},
Author		={Mej{\'\i}as-Bikandi, Errapel},
Journal		={Anuario del Seminario de Filolog{\'\i}a Vasca ``Julio de Urquijo''},
Volume		={24},
Number		={3},
Pages		={669--668},
Year		={1990},
}

@InCollection{Mendikoetxea:1999inacusativasypasivas,
  Title			={Construcciones inacusativas y pasivas},
  Author		={Mendikoetxea, Amaya},
  Booktitle		={Gram{\'a}tica Descriptiva de la Lengua Espa{\~n}ola},
Year			={1999},
  Address		={Madrid},
  Publisher		={Espasa},
Editor			={Demonte, Violeta and Bosque, Ignacio},
  Pages			={1575--1629},
}

@PhdThesis{Merchant:1999thesis,
Author			={Merchant, Jason},
Year			={1999},
Title			={The syntax of silence: sluicing, islands, and identity in ellipsis},
School			={University of California Santa Cruz},
}


@Article{Merchant:2004fragmentsandellipsis,
  Title                    ={Fragments and Ellipsis},
  Author                   ={Merchant, Jason},
  Journal                  ={Linguistics and philosophy},
  Year                     ={2004},
  Number                   ={6},
  Pages                    ={661--738},
  Volume                   ={27},
}

@Article{Merchant:2013,
Title			={Voice and ellipsis},
Author                   	={Merchant, Jason},
Year			={2013},
Journal			={Linguistic Inquiry},
Volume			={44},
Number			={1},
Pages			={77--108},
}

@Book{deMiguel:1992aspecto,
Author		={de Miguel, Elena},
Year		={1992},
Title		={El aspecto en la sintaxis del espa\~nol: {P}erfectividad e {I}mpersonalidad},
Address		={Madrid},
Publisher	={Ediciones de la {U}{A}{M}},
}

@InBook{Milner:2003periploestructural,
Author		={Milner, Jean{-}Claude},
Title		={Saussure. Retorno a {S}aussure},
Booktitle	={El periplo estructural. Figuras y paradigma},
Publisher	={Amorrortu},
Year		={2003},
Pages		={15--44},
Address		={Buenos Aires},
}

@PhdThesis{Milsark:1974,
  Title                    = {Existential Sentences in {E}nglish},
  Author                   = {Milsark, Gary},
  School                   = {Massachusetts Institute of Technology},
  Year                     = {1974},
  Address                  = {Cambridge/ Massachusetts},
}


@Article{Mohamed:2014doubleobjectinarabic,
Author		={ Mohamed, Mostapha Thabit},
Year		={2014},
Journal		={Asian Social Science},
Volume		={10},
Number		={1},
Title		={Accusative Case-Assignment in Double Object Constructions in
Standard Arabic: A Minimalist Approach},
}

@InCollection{Montague:1970english,
Author		={Montague, Richard},
Year		={1970},
Title		={English as a formal language},
Editor		={Visentini, Bruno},
Booktitle	={Linguagi nella societa e nella tecnica},
Address		={Milan},
Pages		={189--224},
Publisher	={Edizioni di Communita},
}

@Article{Montague:1970UG,
Author		={Montague, Richard},
Year		={1970},
Title		={Universal Grammar},
Journal		={Theoria},
Number		={36},
Pages		={373--398},
}

@InCollection{Montague:1973PTQ,
Author		={Montague, Richard},
Year		={1973},
Title		={The Proper Theory of Quantification in Ordinary English},
Editor		={Hintikka, Jaakko and Moravcsik, Julius and Suppes, Patrick},
Booktitle	={Approaches to Natural Language},
Address		={Dordrecht},
Publisher	={Reidel},
} 


@Book{Montrul:2004acquisition,
Title		={The Acquisition of Spanish: Morphosyntactic development in monolingual and bilingual L1 acquisition and adult L2 acquisition},
Author	={Montrul, Silvina},
Year		={2004},
Addres	={Amsterdam/Philadeplphia},
Publisher	={John Benjamins},
}


@Book{MorenoCabrera:1987fundamentossintaxis,
   Title			={Fundamentos de Sintaxis General},
   Author		={Moreno Cabrera, Juan Carlos},
   Publisher		={S{\'i}ntesis},
   Year			={1987},
   Address		={Madrid}
}

@Book{MorenoCabrera:1991cursoI,
   Title			={Curso Universitario de Ling{\"u}{\'i}stica General I: Teor{\'i}a de la Gram{\'a}tica y Sintaxis General},
   Author		={Moreno Cabrera, Juan Carlos},
   Publisher		={S{\'i}ntesis},
   Year			={1991},
   Address		={Madrid}
}

@Book{MorenoSandoval:2001gramaticasdeunificacion,
    Title           ={Gram{\'a}ticas de Unificaci{\'o}n y Rasgos},
    Author           ={Moreno Sandoval, Antonio},
    Publisher       ={Antonio Machado},
    Address         ={Madrid},
    Year            ={2001},
}

@Book{Morimoto2001:verbosdemovimiento,
Author		={Morimoto, Yuko},
Year		={2001},
Title		={Los verbos de movimiento},
Address		={Madrid},
Publisher	={Visor},
}


@Book{Moro1997:raisingofpredicates,
Author		={Moro, Andrea},
Year		={1997},
Title		={The raising of predicates: Predicative noun phrases and the theory of clause structure},
Address		={Cambridge},
Publisher	={Cambridge University Press},
}
 

@Book{Moro:2000dynamicantisymmetry,
Author		={Moro, Andrea},
Year		={2000},
Title		={{D}ynamic {A}ntisymmetry},
Address		={Cambridge, Massachusetts},
Publisher	={MIT Press},
}


@Book{Moortgat:1988categorialinvestigacions,
Author		={Moortgat, Michael},
Year		={1988},
Title		={{C}ategorial {I}nvestigations: logical and linguistics aspects of the {L}ambek calculus},
Address		={Dordrecht},
Publisher	={Foris},
}

@InCollection{Muller:2004pic,
Author		={M{\"u}ller, Gereon},
Year		={2004},
Title		={{P}hrase {I}mpenetrability and {W}h-{I}ntervention},
Booktitle	={{M}inimality {E}ffects in {S}yntax},
Editor		={Stepanov, Arthur and Fanselow, Gisbert and Vogel, Ralf},
Pages		={289--325},
Address		={Berlin},
Publisher	={De Gruyter},
}

@article{Muller:2010deriving,
  title={On deriving CED effects from the PIC},
  author={M{\"u}ller, Gereon},
  journal={Linguistic Inquiry},
  volume={41},
  number={1},
  pages={35--82},
  year={2010},
}

@Book{Muller2016grammaticaltheory,
Title		={Grammatical Theory: From transformational grammar to constraint-based approaches},
Author	={M{\"u}ller, Stefan},
Year		={2016},
Address	={Berlin},
Publisher	={Language Science Press}
}

@InBook{MulleryWechsler:2016grammaticaltheory,
Title		={Grammatical Theory: From transformational grammar to constraint-based approaches},
Author		={M{\"u}ller, Stefan and Wechsler, Stephen},
Chapter		={21: Phrasal vs. lexical analyses},
Year		={2016},
Address		={Berlin},
Publisher	={Language Science Press},
Pages		={579--651},
}

@InProceedings{Muller:2001passivelexicalrule,
Author		={M{\"u}ller, Stefan},
title			={The passive as a Lexical Rule},
Booktitle		={Proceedings of the 7th International HPSG Conference},
Publisher		={CSLI Publications},
Editor			={Flickinger, Dan and Kathol Andreas},
Year			={2001}
}

@Inproceedings{MunozPerez:2012contrabando,
  Title			={Cay{\'o} la yuta: basta de contrabando en la pasiva},
  Author		={Mu{\~n}oz P{\'e}rez, Carlos},
  Booktitle		={I Congreso de la Delegaci{\'o}n Argentina de la ALFAL y V Jornadas Internacionales de Filolog{\'\i}a Hisp{\'a}nica (La Plata, 2012)},
  Year			={2012}
}

@InCollection{Munoz:2016latemerger,
   Title			= {There is no need for Late Merger},
   Author		= {Mu{\~n}oz P{\'e}rez, Carlos},
   Booktitle		= {Temas em Teoria Gerativa: Homenagem a Lucia Lobato},
   Publisher		= {Blanche},
   Year			= {2016},
   Pages		= {85--98},
   Address		= {Brasilia},
   Editor		= {Pilati, Eloisa Nascimento Silva}
}

@PhdThesis{Munoz:2017cadenaseinterfaces,
Title		={{C}adenas e {I}nterfaces},
Year		={2017},
School		={{U}niversidad de {B}uenos {A}ires},
Author		= {Mu{\~n}oz P{\'e}rez, Carlos},
}

@PhdThesis{Myler2014:possession,
Author		={Myler, Neil},
Year		={2014},
Title		={Building and interpreting possession sentences},
School		={New York University},
Address		={New York},
}


%NNNNNNNNNNNNNNNNNNNNNNNNNNNNNNNNNNNNNNNNNNNNNNNNNNNNNNNNNNNNNNNNNNNNNNNNNNNNNNNNNNNNNNNNNNNNNNNNNNNNNNNNNN

@Book{Newmeyer:1980cuartodesiglo,
Author		={Newmeyer, Frederick},
Publisher		={Academic Press},
Title		={{L}inguistic {T}heory in {A}merica-- {T}he {F}irst {Q}uarter-{C}entury of {T}ransformational {G}rammar},
Year		={1980},
Note		={Manejamos la traducci\'on de {J}os{\'e} {J}avier {G}onz{\'a}lez Higueras, {J}os{\'e} {A}ntonio {M}art{\'i}nez {J}im{\'e}nez y {F}rancisco {M}u{\~n}oz {M}arquina, {M}adrid: {A}lianza, 1982},
}

@Article{Nieuwenhuijsen:2015prepcomplementoagente,
Journal		={Revista de {F}ilolog{\'i}a {E}spa{\~n}ola ({R}{F}{E})},
Volume		={{X}{C}{V}}, 
Number		={1},
Year		={2015},
Pages		={97--125},
Title		={{V}ariaci{\'o}n sint{\'a}ctica en las construcciones pasivas con ser. {L}as preposiciones introductoras del agente},
Author		={Nieuwenhuijsen, Dorien},
}


@Book{Nunes:2004,
  Title                    = {Linearization of Chains and Sideward Movement},
  Author                   = {Nunes, Jairo},
  Publisher                = {MIT Press},
  Year                     = {2004},
  Address                  = {Cambridge / Massachusetts},
  Series                   = {Linguistic Inquiry Monographs},
}

@Article{Nunes:2007EPeekingP,
Author		={Nunes, Jairo},
Title			={Relativized Minimality and the Extended Peeking Principle},
Journal		={Cuadernos de Ling{\"u}{\'i}stica del I.U.I. Ortega y Gasset},
Year			={2007},
Volume		={14},
Pages			={73--86}
}


@InCollection{Nunes:2011copytheory,
  title	={The copy theory},
  author={Nunes, Jairo},
  booktitle={The {O}xford {H}andbook of {L}inguistic {M}inimalism},
  editor	={Boeckx, Cedric},
pages	={143--172},
  year	={2011},
address	={Oxford},  
publisher={Oxford University Press},
}

%OOOOOOOOOOOOOOOOOOOOOOOOOOOOOOOOOOOOOOOOOOOOOOOOOOOOOOOOOOOOOOOOOOOOOOOOOOOOOOOOOOOOOOOOOOOOO

@Article{Ogihara:2007tenseandaspect,
Author		={Ogihara, Toshiyuki},
Year		={2007},
Title		={Tense and aspect in truth-conditional semantics},
Journal		={Lingua},
Volume		={117},
Pages		={392--418},
}
 

@PhdThesis{Ordonez:1997,
Author		={Ordo{\~n}ez, Fracisco},
Year		={1997},
School		={the City University of New York},
Title		={Word order and clause structure in Spanish and other Romance languages},
}

@article{Ordonez:2007,
	Title		={Observacions sobre la posici{\'o} dels subjectes postverbals en catal{\`a} i castell{\`a}},
	Author	={Ordo{\~n}ez, Fracisco},
	Year		={2007},
	Journal	={Caplletra},
	Number	={42},
	pages		={251--272}
}

@Unpublished{OrdonezSaab:2013,
Author		={Ordo{\~n}ez, Fracisco and Saab, Andr{\'e}s},
Year		={2013},
Note		={Ponencia presentada en Romania Nova VI, Universidade Federal do Rio Grande do Norte Natal, Brasil. 1 de febrero de 2013},
Title		={Causatives and the distribution of subject Causee in R{\'i}o de la Plata and Catalu{\~n}a Spanish},
}


@Unpublished{OrlandoySaab:2017stereotype,
Author		={Orlando, Eleonora and Saab, Andr{\'e}s},
Year		={2017},
Title		={A stereotype semantics for syntactically ambiguous slurs},
Note		={Manuscrito},
}

@Article{OrmazabalyRomero:2019,
Title		={The formal properties of non paradigmatic se},
Author		={Ormazabal, Javier and Romero, Juan},
Year		={2019},
Journal		={Borealis: An International Journal of Hispanic Linguistics},
Pages		={55--84},
Number		={8},
Volume		={1},
Note 		={doi http://dx.doi.org/10.7557/1.8.1.4704},
}

@Article{OrtizdeUrbinayUribeetxeberria:1991,
Title		={Participial predication in {B}asque},
Author		={de Urbina, Jon Ortiz and Uribe-Etxebarria, Myriam},
Journal		={Anuario del Seminario de Filolog{\'\i}a Vasca ``Julio de Urquijo''},
Pages		={993--1012},
Year		={1991},
}

@InCollection{Otsuka:2005passivelikeintongan,
Author		={Otsuka, Yuko},
Title		={Two passive-like constructions in Tongan},
Year		={2005},
Booktitle	={The many faces of Austronesian voice systems: some new empirical studies},
Editor		={Arka, I Wayan and Ross, Malcolm},
Publisher	={Pacific Linguistics},
Address		={Canberra},
Pages		={119--135},
}


%PPPPPPPPPPPPPPPPPPPPPPPPPPPPPPPPPPPPPPPPPPPPPPPPPPPPPPPPPPPPPPPPPPPPPPPPPPPPPPPPPPPPPPPPPPPPPPPPPPPPPPPPPPPPPPPPPPPPPPPPPPPP

@Book{Panagiotidis:2002pronouns,
Author		={Panagiotidis, Phoevos},
Year		={2002},
Title		={Pronouns, clitics and empty nouns},
Address		={Amsterdam},
Publisher	={John Benjamins},
}


@Book{Parsons:1990events,
Title		={Events in the semantics of English. A study in subatomic semantics},
Author		={Parsons, Terence},
Year		={1990},
Publisher	={MIT Press},
Address		={Cambridge/Massachusetts},
}

@Article{Partee:1973tensesandpronouns,
Title		={Some structural analogies between tenses and pronouns in English},
Author		={Partee, Barbara},
Year		={1973},
Journal		={The Journal of Philosophy},
Volume		={70},
Number		={18},
Pages		={601--609},
}


@Incollection{Partee:1976sometransformation,
  title=		{Some transformational extensions of {M}ontague {G}rammar},
  author		={Partee, Barbara},
  booktitle		={{M}ontague {G}rammar},
  pages			={51--76},
  year			={1976},
  publisher		={Academic Press},
  Address		={New York}
}

@Incollection{Partee:2016formalsemantics,
Title		={Formal Semantics},
Author		={Partee, Barbara},
Booktitle	={The {C}ambridge handbook of formal semantics},
Editor		={Aloni, Maria and Dekker, Paul},
Publisher	={Cambridge University Press},
Year		={2016},
Address		={Cambridge},
}


@Book{ParteeMeulenRobert:2012mathematical,
  Title = {Mathematical methods in linguistics},
  Author = {Partee, Barbara and Meulen, Alice and Wall, Robert},
  Year = {2012},
  Publisher = {Kluwer Academics},
  Address={Dordrecht}
}

@InProceedings{pereira1983parsing,
title		={Parsing as deduction},
author		={Pereira, Fernando CN and Warren, David HD},
booktitle	={21st Annual Meeting of the Association for Computational Linguistics},
pages		={137--144},
year		={1983},
}

@Book{PerezJimenez:2007clausulasabsolutas,
Title			={Las clÃ¡usulas absolutas},
Author		={P\'erez Jim\'enez, Isabel},
Year			={2007}, 
Publisher		={Visor},
}


@InProceedings{Perlmutter:1977passivedefinition,
  Title                    = {Toward a universal definition of the passive},
  Author                   = {Perlmutter, David and Postal, Paul},
   Year			={1977},
   Booktitle		={Proceedings of the 3rd Annual Meeting of the Berkeley Linguistics Society},
   Pages		={394--417},
}


@InProceedings{Perlmutter:1978impersonalpassives,
  Title                    = {Impersonal Passives and the Unaccusative Hypothesis},
  Author                   = {Perlmutter, David},
   Year			={1978},
   Booktitle		={Proceedings of the 4th Annual Meeting of the Berkeley Linguistics Society},
   Pages		={157--189},
}

@InCollection{Perlmutter:1983passivedefinition,
  Title                    = {Toward a universal definition of the passive},
  Author                   = {Perlmutter, David and Postal, Paul},
  Booktitle                = {Studies in Relational Grammar volume 1},
  Publisher                = {University of Chicago Press},
Address		={Chicago},  
Pages 		={3--29},
  Year                     = {1983},
  Editor                   = {Perlmutter, David},
}


@InCollection{Perlmutter:1984Iadvancementlaw,
  Title                    = {The I-Advancement Exclusiveness Law},
  Author                   = {Perlmutter, David and Postal, Paul},
  Booktitle                = {Studies in Relational Grammar volume 2},
  Publisher                = {University of Chicago Press},
Address		={Chicago},  
Year                     = {1984},
Pages 		={81--125},
  Editor                   = {Perlmutter, David and Rosen Carol},
}


@Book{Pesetsky:1995cascades,
Title			={Zero syntax: experiences and cascades},
Author		={Pesetsky, David},
Publisher		={The MIT Press},
Address		={Cambridge / Massachusetts},
Year			={1995},
}

@InCollection{PesetskyTorrego:2007valuation,
Author		={Pesetsky, David and Torrego, Esther},
Year		={2007},
Title		={The syntax of valuation and the interpretability of features},
Editor		={Karimi, S and Samiian, V. and Wilkins, W.},
Booktitle	={{P}hrasal and {C}lausal {A}rchitecture: {S}yntactic derivation and interpretation},
Address		={Amsterdam},
Publisher	={Benjamins},
Pages		={262--294},
}

@Article{PetersyRitchie:1973ongenerativepower,
Author		={Peters, P. Stanley and Ritchie, Robert W.},
Year		={1973},
Title		={On the generative power of transformational grammars},
Journal		={Information Sciences},
Volume		={6},
Pages		={49--83},
}

@book{Pietroski:2005events,
Title			={Events and semantic architecture},
Author		={Pietroski, Paul},
Year			={2005},
Address		={Oxford},
Publisher		={Oxford University Press},
}


@Book{Pinker:1984languagelearnability,
Author		={Pinker, Steven},
Year			={1984},
Title			={Language learnability and language development},
Address		={Cambridge/Massachusetts},
Publisher		={Harvard University Press},
}

@Book{Pinker:1989argumentstructure,
Author		={Pinker, Steven},
Title			={Learnability and cognition: The acquisition of verb-argument structure},
Address		={Cambridge/Massachusetts},
Year			={1989},
Publisher		={Harvard University Press}
}


@PhdThesis{Pinto:1997thesis,
	Author	={Pinto, Manuela},
	Title		={Licensing and Interpretation of inverted subjects in Italian},
	Year		={1997},
	School		={LEd},
	Address	={Utrecht},
}

@InCollection{PolettoyBocci:2018ISinRomance,
Author		={Poletto, Cecilia and Bocci, Giuliano},
Title		={Syntactic and Prosodic Effects of Information Structure in Romance},
Year		={2018},
Pages		={641--662},
Booktitle	={Oxford Handbook of Information Structure},
Editor		={F\`ery, Caroline and Ishihara, Shinichiro},
Address		={Oxford},
Publisher	={Oxford University Press},
}


@Book{PollardSag:1987HPSG,
  title={{I}nformation-{B}ased {S}yntax and {S}emantics},
  author={Pollard, Carl and Sag, Ivan A},
  Publisher={CSLI Lecture Notes},
  Address		={Stanford},
  year={1987},
}


@Book{Pollard:1994hpsg,
  title={Head-driven phrase structure grammar},
  author={Pollard, Carl and Sag, Ivan A},
  year={1994},
Address ={Chicago, London},  
publisher={University of Chicago Press},
}

@Article{Pollock:1989structureofIP,
  Title                    = {Verb Movement, UG and the Structure of IP},
  Author                   = {Pollock, Jean-Yves},
  Journal                  = {Linguistic Inquiry},
  Year                     = {1989},
  Number                   = {3},
  Pages                    = {365--424},
  Volume                   = {20},
}

@Book{Portner:2009modality,
Author		={Portner, Paul},
Year		={2009},
Title		={Modality},
Address		={Oxford},
Publisher	={Oxford University Press},
}

@Book{Postal:1986passives,
Author	={Postal, Paul},
Title		={Studies of passive clauses},
Publisher	={State of New York University Press},
Address	={New York},
Year		={1986}
}

@InCollection{Postal:1982APGD,
Author		={Postal, Paul},
Year		={1982},
Title		={{S}ome {A}rc {P}air {G}rammar {D}escriptions},
Booktitle	={The {N}ature of {S}yntactic {R}epresentation},
Editor		={Jacobson, Pauline and Pullum, Geoffrey},
Address		={Dordrecht},
Publisher	={Reidel},
Pages		={341--426},
}


@Article{Potts-Asudeh-Cable-Hara:2009expressives,
Author		={Potts, Christopher and Asudeh, Ash and Cable, Seth and Hara, Yurie},
Year		={2009},
Title		={Expressives and identity conditions},
Journal		={Linguistic Inquiry},
Volume		={49},
Number		={2},
Pages		={356--366},
}


@Book{Potts:2005conventionalimplicatures,
  title={The logic of conventional implicatures},
  author={Potts, Christopher},
  year={2005},
Address ={Oxford},
  publisher={Oxford University Press},
}

@Article{Potts:2007conventionalimplicature,
Author		={Potts, Christopher},
Year		={2007},
Title		={Into the conventional-implicature dimension},
Journal		={Philosophy Compass},
Volume		={2},
Number		={4},
Pages		={665--679},
}

@InCollection{Potts:2015presuppositionimplicature,
Author		={Potts, Christopher},
Title		={Presupposition and implicature},
Year		={2015},
Editor		={Lappin, Shalom and Fox, Chris}, 
Booktitle	={The Handbook of Contemporary Semantic Theory},
Address		={Oxford},
Note		={2nd Edition},
Pages		={168--202},
Publisher	={Wiley-Blackwell},
}

@Book{Predelli:2013meaningwithouttruth,
Author		={Predelli, Stefano},
Title		={Meaning without truth},
Year		={2013},
Address		={Oxford},
Publisher	={Oxford University Press},
}


@InCollection{PujalteSaab:2012syncretism,
  title			={Syncretism as PF-repair: The case of se-insertion in Spanish},
  author		={Pujalte, Mercedes and Saab, Andr{\'e}s},
  booktitle		={The end of argument structure?},
  pages		={229--260},
  year			={2012},
  Editor		={Cuervo, M. C. and Roberge, Y.},
  Address		={Bingley},
  Publisher		={Emerald},
}

@Book{Pujalte:2009dativos,
Title		={{C}ondiciones sobre la {I}ntroducci{\'o}n de {A}rgumentos: el caso de la {A}lternancia {D}ativa en {E}spa{\~n}ol},
author		={Pujalte, Mercedes},
Year		={2009},
Publisher	={{T}esis de maestr{\'i}a, {U}niversidad de {B}uenos {A}ires},
}

@Article{PujalteSaab:2014traslaciones,
Author		={Pujalte, Mercedes and Saab, Andr{\'e}s},
Title		={Sobre la interacciÃ³n entre caso y concordancia en impersonales y pasivas con se},
Year		={2014},
Journal		={Traslaciones},
Volume		={1},
Pages		={30--55},
}


@PhdThesis{Pujalte:2013argumentos,
Title		={{A}rgumentos \(no\) agregados. {I}ndagaciones sobre la morfosintaxis de la introducci\'on de argumentos en espa{\~n}ol},
author		={Pujalte, Mercedes},
Year		={2013},
School		={Universidad of Buenos Aires},
}

@InBook{Putnam:1970semanticspossible,
Title		={Is semantics possible?},
Year		={1970},
Note		={1975},
Booktitle	={Mind, {L}anguage and {R}eality. Philosophical papers vol. 2},
Author		={Putnam, Hilary},
}


@PhdThesis{Pylkkanen:2008introducing,
  Title				={Introducing Arguments},
  Author			={Pylkk{\"a}nen, Liina},
  Year				={2002},
  School 			={MIT},
}

%QQQQQQQQQQQQQQQQQQQQQQQQQQQQQQQQQQQQQQQQQQQQQQQQQQQQQQQQQQQQQQQQQQQQQQQQQQQQQQQQQQQQQQQQQQQQQQ

@InCollection{Quine:1985eventsreification,
Title		={Events and reification},
Year		={1985},
Booktitle	={Actions and events: Perspectives on the philosophy of Donald Davidson},
Editor		={Lepore, E and McLaughlin, B},
Pages		={162--171},
Address		={Oxford},
Publisher	={Basil Blackwell},
Author		={Quine, W. V.}
}

@Book{Quesada:1974linguisticagenerativotranasformacinal,
Title		={La ling\"u\'istica generativo transformacional: supuestos e implicaciones},
Author		={Quesada, J. Daniel},
Year		={1974},
Publisher	={Alianza},
Address		={Madrid},
}

%RRRRRRRRRRRRRRRRRRRRRRRRRRRRRRRRRRRRRRRRRRRRRRRRRRRRRRRRRRRRRRRRRRRRRRRRRRRRRRRRRRRRRRRRRRRRRRRRRRRRRRRRRRRR

@Book{RAE:2009,
  title		={Nueva gram{\'a}tica de la lengua espa{\~n}ola. {M}anual},
  author		={{R}{A}{E} and {A}{S}{A}{L}{E}},
  year		={2009},
  publisher	={Espasa Calpe},
  Address	={Madrid},
}

@Article{Raposo:1990long,
  Title			={Long-distance case assignment},
  Author		={Raposo, Eduardo and Uriagereka, Juan},
  Journal		={Linguistic Inquiry},
  Volume		={21},
  Number		={4},
  Pages		={505--537},
  year			={1990},
}


@Book{Reichenbach:1947symboliclogic,
Author		={Reichenbach, Hans},
Year		={1947},
Title		={Elements of Symbolic Logic},
Address		={New York},
Publisher	={the Macmillan Company},
}


@Article{Reinhart:2005arityoperations,
  Title                    = {The Lexicon-Syntax Parameter: Reflexivization and Other Arity Operations},
  Author                   = {Reinhart, Tanya and Siloni, Tal},
  Journal                  = {Linguistic Inquiry},
  Year                     = {2005},
  Number                   = {3},
  Pages                    = {389--436},
  Volume                   = {36},
}

@Article{Reinhart:1997qrycf,
  Title                    = {{Q}uantifier {S}cope. {H}ow labor is divided between {Q}{R} and choice functions},
  Author                   = {Reinhart, Tanya},
  Journal                  = {Linguistics and Philosophy},
  Year                     = {1997},
  Pages                    = {335--397},
  Volume                   = {20},
}


@Book{Roarksproat:2007computationalaproaches,
    Title={Computational Approaches to Morphology and Syntax},
    Year={2007},
    Author={Roark, Brian and Sproat, Richard},
    Publisher={Oxford University Press},
    Address={Oxford}
}

@InCollection{RobertsHolmberg:2007introductiontoparameters,
Author		={Roberts, Ian and Holmberg, Anders},
Year		={2007},
Title		={Introduction: parameters in minimalist theory},
Pages		={1--57},
Booktitle	={Parametric Variation: Null Subjects in Minimalist Theory},
Address		={Cambridge},
Publisher	={Cambridge University Press},
Editor		={Biberauer, Theresa and Holmberg, Anders and Roberts, Ian and Sheehan, Michelle},
}

@Book{Roby:1875-2010latin,
Author		={Roby,  Henry  John},
Year		={1875},
Note		={2010},
Title		={{A}  {G}rammar  of  the  {L}atin  {L}anguage.  {F}rom  {P}lautus  to {S}uetonius},
Address		={Cambridge},
Publisher	={Cambridge University Press},
}

@Book{RodriguezRamalle:2005manual,
  title			={Manual de sintaxis del espa{\~n}ol},
  author		={Rodr{\'\i}guez Ramalle, Teresa Mar{\'\i}a },
  year			={2005},
  publisher		={Castalia},
  Address		={Madrid},
}

@InCollection{Rojo:1990temporalidadyaspecto,
Author		={Rojo, Guillermo},
Year		={1990},
Title		={Relaciones entre temporalidad y aspecto en el verbo espa{\~n}ol},
Editor		={Bosque, Ignacio},
Booktitle	={Tiempo y aspecto en espa{\~n}ol},
Address		={Madrid},
Publisher	={C\'atedra},
Pages		={17--43},
}


@article{Ricos:1998pasiva,
  Title		={La pasiva con ``se'' agentiva en los textos jur{\'i}dico-administrativos: su incidencia pragm{\'a}tica},
  Author	={Ric{\'o}s Vidal, Amparo},
  Journal	={ELUA. Estudios de Ling{\"u}{\'\i}stica, N. 12 (1998)},
  Pages		={195--209},
  Year		={1998},
}

@article{Ristad:1987gpsgnphard,
  Title			={{G}{P}{S}{G}-{R}ecognition is {N}{P}-hard},
  Author		={Ristad, Eric Sven},
  Journal		={Linguistic inquiry},
  Volume		={18},
  Number		={3},
  Pages		={530--536},
  Year			={1987},
}

@Inproceedings{Ristad:1986computational,
  Title			={Computational complexity of current {G}{P}{S}{G} theory},
  Author		={Ristad, Eric Sven},
  Booktitle		={{P}roceedings of the 24th annual meeting on {A}ssociation for {C}omputational {L}inguistics},
  Pages		={30--39},
  Year		={1986},
  Organization	={{A}ssociation for {C}omputational {L}inguistics},
}

@article{Ristad:1990computationalstructure,
  Title			={Computational structure of {G}{P}{S}{G} models},
  Author		={Ristad, Eric Sven},
  Journal		={{L}inguistics and {P}hilosophy},
  Volume		={13},
  Number		={5},
  Pages		={521--587},
  Year			={1990},
}

@Book{Ristad:1993complexitygame,
Year		={1993},
  Title			={{T}he {L}anguage {C}omplexity {G}ame},
  Author		={Ristad, Eric Sven},
  Publisher                = {MIT Press},
  Address                  = {Cambridge, Massachusetts},
}

@Article{Ritter:1992NumberPhrase,
Author		={Ritter, Elizabeth},
Year		={1992},
Title		={{C}ross-{L}inguistic {E}vidence for {N}umber {P}hrase},
Journal		={{C}anadian {J}ournal of {L}inguistics {R}evue {C}anadienne de {L}inguistique},
Volume		={37},
Pages		={197--218},
}

@Book{Rizzi:1982italiansyntax,
Author		={Rizzi, Luigi},
Year			={1982},
Title			={{I}ssues in {I}talian {S}yntax},
Address		={Foris},
Publisher		={Dordrecht}
}

@Book{Rizzi:1990relativizedminimality,
  Title                    = {Relativized minimality},
  Author                   = {Rizzi, Luigi},
  Publisher                = {MIT Press},
  Year                     = {1990},
  Address                  = {Cambridge, Massachusetts},
}


@InCollection{Rizzi:1997leftperiphery,
  Title                    = {The fine structure of the left periphery},
  Author                   = {Rizzi, Luigi},
  Booktitle                = {Elements of grammar},
  Publisher                = {Kluwer Academic Publishers},
  Year                     = {1997},
  Address                  = {Dordrecht},
  Editor                   = {Haegeman, Liliane},
  Pages                    = {281--337},
}


@InCollection{Rizzi:2001relativizedminimality,
  Title			={{R}elativized {M}inimality {E}ffects},
  Author		={Rizzi, Luigi},
  Booktitle		={The {H}andbook of {C}ontemporary {S}yntactic {T}heory},
  Pages		={89--110},
  Year			={2001},
  Publisher 		= {Blackwell},
  Address		= {Massachusetts},
  Editor		={Collins, Chris and Baltin, Mark}
}

@InProceedings{Rizzi:2005propertiessubjectsandtopis,
Author		={Rizzi, Luigi},
Title			={On some properties of subjects and topics},
Booktitle		={{C}ontributions to the thirtieth {I}ncontro di {G}rammatica {G}enerativa, Venice,
February 26-28, 2004},
Editor		={Brug{\`e}, Laura and Giusti, Giuliana  and Munaro, Nicola and Schweikert,
Walter and Turano, Giuseppina},
Address		={Venezia},
Publisher	={Universit\`a Ca' Foscari Venezia},
Pages		={203--224},
Year		={2005},
}

@InCollection{Rizzi:2006formofchains,
Author			={Rizzi, Luigi},
Title				={On the form of chains: {C}riterial positions and {E}{C}{P} effects},
Booktitle			={ Wh-Movement: Moving On},
Editor				={Cheng, Lisa Lai-Shen  and Corver, Norbert},
Year				={2006},
Address			={Cambridge},
Publisher			={MIT Press},
Pages				={97-134},
}

@InCollection{RizziyShlonsky:2006EPPlocativeinversion,
Title		={Satisfying the subject criterion by a non subject: {E}nglish locative inversion and heavy {N}{P} shift},
Author		={Rizzi, Luigi and Shlonsky, Ur},
Booktitle	={Phases of interpretation},
Pages		={341--361},
Year		={2006},
Editor		={Frascarelli, Mara},
Address		={Berlin, New York},
Publisher	={Mouton de Gruyter},
}

@InCollection{Roberts:1996QUD,
Title		={Information structure in discourse: toward a unified theory of formal pragmatics},
Author		={Roberts, Craige},
Booktitle	={{O}hio {S}tate {U}niversity {W}orking {P}apers in {L}inguistics},
Volume		={49},
Address		={{O}hio},
Publisher	={{T}he {O}hio {S}tate {U}niversity, {D}epartment of {L}inguistics},
editor		={Hak Yoon, Jae and Kathol, Andreas},  
Pages		={91--136},
Year		={1996},
}

@Book{RobertsyRoussou:2003syntacticchange,
Author		={Roberts, Ian and Roussou, Anna},
Year		={2003},
Title		={Syntactic change: A minimalist approach to grammaticalization},
Address		={Cambridge},
Publisher	={Cambridge University Press},
}

@InCollection{Rosen:1984interface,
  title={The interface between semantic roles and initial grammatical relations},
  author={Rosen, Carol G},
  booktitle={{S}tudies in {R}elational {G}rammar. Volume 2},
  pages={38--77},
  year={1984},
Editor	={Perlmutter, David M. and Rosen, Carol G},
Publisher	={{T}he {U}niversity of {C}hicago {P}ress},
Address		={Chicago},
}

@Book{Rosenblueth:1970menteycerebro,
Author		={Rosenblueth, Arturo},
Year		={1970},
Title		={Mente y cerebro},
Address		={M\'exico},
Publisher	={Siglo {X}{X}{I}},
}

@PhdThesis{Ross:1967thesis,
  Title			= {Constraints on variables in syntax},
  Author		= {Ross, John},
  School		= {Massachusetts Institute of Technology},
  Year 			= {1967}
}


@InCollection{Ross:1969auxiliariesasmain,
Author		={Ross, John Robert},
Year		={1969},
Title		={Auxiliaries as main verbs},
Booktitle	={Studies in Philosophical Linguistics}, 
Editor		={Todd, W},
Pages		={252--286},
Address		={Evanston}, 
Publisher	={Great Expectations},
}

@Inproceedings{Rothstein:2013fregeananalysis,
  	Title		=	{A Fregean semantics for number words},
  	Author	=	{Rothstein, Susan},
  	Booktitle	=	{{P}roceedings of the 19th {A}msterdam {C}olloquium},
  	Pages		=	{179--186},
  	Year		=	{2013},
	Editor		=	{Aloni, Maria and Franke, Michael and Roelofsen, Floris},
}

@Article{Russell:1905ondenoting, 
Author		={Russell, Bertrand}, 
Title			={On denoting},
Journal		={Mind},
Number		={14},
Year			={1905},
}

@book{RussellyNorvig:1995AI,
title		={{A}rtificial intelligence: a modern approach},
author		={Russell, Stuart J and Norvig, Peter},
year		={1995},
publisher	={Pearson Education Limited},
Address		={Malaysia},
}

@Book{Ruwet:1982gramairedesinsultes,
Author		={Ruwet, Nicolas},
Year		={1982},
Title		={La Grammaire des insultes et autres {\'e}tudes},
Address		={Paris},
Publisher	={Editions du Seuil},
}

%SSSSSSSSSSSSSSSSSSSSSSSSSSSSSSSSSSSSSSSSSSSSSSSSSSSSSSSSSSSSSSSSSSSSSSSSSSSSSSSSSSSSSSSSSSSSSSSSSSSSSSSSSSSSSSSSSSSSSSSSSSSSSS


@Article{Saab:2004epitetosyelipsisnominal,
Author		={Saab, Andr{\'e}s},
Title		={Ep\'itetos y elipsis nominal en espa{\~n}ol},
Year		={2004},
Journal		={Revista de la Sociedad Argentina de LingÃ¼Ã­stica},
Volume		={1},
Pages		={31--51},
}

@Misc{Saab:2004elipsisnominaltesismaestria,
Author		={Saab, Andr{\'e}s},
Title		={El dominio de la elipsis nominal en espa{\~n}ol: identidad estricta e inserci\'on tard\'ia},
Year		={2004},
Note		={Tesis de MaestrÃ­a. Universidad Nacional del Comahue},
}


@PhdThesis{Saab:2008tesis,
Author		={Saab, Andr{\'e}s},
Title		={Hacia una teorÃ­a de la identidad parcial en la elipsis},
School		={Universidad de Buenos Aires},
Year		={2008},
}

@Article{Saab:2013unagreement,
Author		={Saab, Andr{\'e}s},
Title			={Anticoncordancia y sincretismo en espa{\~n}ol},
Year			={2013},
Journal		={Ling{\"u}{\'i}stica},
Volume		={29},
Number		={9},
Pages			={191--229},
Address		={Montevideo}
}

@Article{Saab:2014syntaxornothing,
  Title			={{S}yntax or nothing: {S}ome theoretical and empirical remarks on implicit arguments},
  Author		={Saab, Andr{\'e}s},
  Journal		={{B}orealis: {A}n {I}nternational {J}ournal of {H}ispanic {L}inguistics},
  Volume		={3},
  Number		={2},
  Pages		={125--183},
  Year			={2014},
}


@Article{Saab:2015longdistance,
  Title			={On long-distance theta-role assignment},
  Author		={Saab, Andr{\'e}s},
  Journal		={Lingua},
  Volume		={160},
  Pages		={91--126},
  Year			={2015},
}


@Article{Saab:2016ineffablenarratives,
Author		={Saab, Andr{\'e}s},
Year		={2016},
Journal		={Probus},
Title		={Ineffable narratives: another case of overgeneration by e-givenness},
Volume		={28},
Number		={2},
Pages		={367--389},
}

@Unpublished{Saab:enpreparacioncasoypapeltematico,
   Title			={Se-semantics: A semantic motivation for case filter},
  Author		={Saab, Andr{\'e}s},
   Note		={Manuscrito},
   Year			={En preparaciÃ³n},
}

@Book{Saussure:1916curso,
Title		={Curso de ling{\"u}{\'\i}stica general},
Author		={Saussure, Ferdinand de},
Publisher	={Losada},
Address		={Buenos Aires},
Year		={1916},
Note		={Traducido por Amado Alonso. A\~no de la edici\'on: 2012},
}

@PhdThesis{Sag:1976thesis,
Title		={{D}eletion and {L}ogical {F}orm},
Author		={Sag, Ivan},
Year		={1976},
School		={MIT},
}


@Book{Sag:1999syntactic,
  title={Syntactic theory: A formal introduction},
  author={Sag, Ivan A and Wasow, Thomas and Bender, Emily M and Sag, Ivan A},
   year={1999},
  publisher={{C}enter for the {S}tudy of {L}anguage and {I}nformation}, 
  Address ={Stanford},
}

@book{Sandoval:1998linguisticacomputacional,
  Title={{L}ing\"u{\'i}stica {C}omputacional},
  Author={Sandoval, Antonio Moreno},
  Year={1998},
  Publisher={S\'intesis},
  Address={Madrid},
}

@book{Sandoval:2001gramaticas,
  Title={Gram{\'a}ticas de unificaci{\'o}n y rasgos},
  Author={Sandoval, Antonio Moreno},
  Year={2001},
  Publisher={A. Machado Libros},
  Address={Madrid},
}

@Inproceedings{Sayeed:2012neodavidsonianforTAG,
title		={{I}ncremental {N}eo-{D}avidsonian semantic construction for {T}{A}{G}},
author		={Sayeed, Asad and Demberg, Vera},
booktitle	={{P}roceedings of the 11th {I}nternational {W}orkshop on {T}ree {A}djoining {G}rammars and {R}elated {F}ormalisms ({T}{A}{G}+ 11)},
pages		={64--72},
year		={2012},
}

@Article{Schonfinkel:1984bausteine,
  title={\"Uber die {B}austeine der {M}athematischen {L}ogik},
  author={Sch\"onfinkel, Moses},
  journal={{M}athematischen {A}nnalen},
  number={92},
  pages={305--316},
  year={1924},
}


@Book{Schonefeld:2001,
  Title={Where {L}exicon and {S}yntax meet},
  Author={Sch\"onefeld, Doris},
  Year={2001},
  Publisher={Mouton de Gruyter},
  Address={Berlin, New York},
}

@Article{Searle:1972chomskysrevolution,
  title={{C}homsky's revolution in linguistics},
  author={Searle, John R},
  volume={18},
  year={1972},
Pages		={16--24},
  Journal={New York Review of Books},
}

@Article{Sheehan:2012particalcontrol,
Author		={Sheehan, Michelle},
Year		={2012},
Title		={A new take on partial control: {D}efective thematic intervention},
Journal		={http://ling.auf.net/lingbuzz/001500},
}

@Article{Shieber:1985againstnlascfg,
Title		={{E}vidence against the context-freeness of natural language},
Author		={Shieber, Stuart},
Number		={8},
Pages		={333--343},
year		={1985},
Journal		={{L}inguistics and {P}hilosophy},
}

@book{Shieber:1986unification,
  title={An introduction to unification-based theories of grammar},
  author={Shieber, Stuart},
  Publisher={CSLI Lecture Notes},
  Address		={Stanford},
  year={1986},
}

@InCollection{Siewierska1998:passiveandinverse,
Author		={Siewierska, Anna},
Year		={1998},
Title		={Passive-to-ergative versus inverse-to-ergative},
Booktitle	={{C}ase, {T}ypology and {G}rammar. {I}n {H}onor of {B}arry {J}. {B}lake},
Publisher	={John Benjamins},
Address		={Amsterdam, Philadelphia},
Editor		={Siewierska, Anna and Song, Jae Jung},
}

@article{Sigurdson:2011newpassive,
Title	={On the new passive},
Author	={Sigur{\dh}sson, Halld{\'o}r {\'A}rmann},
Journal	={Syntax},
Volume	={14},
Number	={2},
Pages	={148--178},
Year	={2011},
}

@InProceedings{SimonsTonhauserBeaveryRoberts:2010projection,
  title={What projects and why},
  author={Simons, Mandy and Tonhauser, Judith and Beaver, David and Roberts, Craige},
  booktitle={{P}roceedings of {S}emantics and {L}inguistic {T}heory},
  volume={20},
  pages={309--327},
  year={2010}
}

@Book{Song:2017informationstructure,
Author		={Song, Sanghoun},
Title		={Modeling information structure in a cross-linguistic perspective},
Year		={2017},
Address		={Berlin},
Publisher	={Language Science Press},
}


@InCollection{Stabler:2011computational,
  title				={Computational perspectives on minimalism},
  author			={Stabler, Edward P},
  Booktitle			={{O}xford {H}andbook of {L}inguistic {M}inimalism},
  pages			={617--643},
  year				={2011},
Address			={Oxford},
Editor				={Boeckx, Cedric},
Publisher		={Oxford University Press},
}

@Article{StableryCollins:2016formalization,
  title={A formalization of minimalist syntax},
  author={Collins, Chris and Stabler, Edward},
  journal={Syntax},
  volume={19},
  number={1},
  pages={43--78},
  year={2016},
}

@Incollection{Stabler:2003comparingHM,
Title={Comparing 3 perspectives on head movement},
Editor		={Mahajan, A.},
Author		={Stabler, Edward P},
Booktitle	={{F}rom {H}ead {M}ovement {A}nd {S}yntactic {T}heory:{U}{C}{L}{A}, {P}ostdam {W}orking {P}apers in {L}inguistics},
publisher	={{U}{C}{L}{A}},
  pages		={178--198},
  year		={2003},
}

@Incollection{Stabler:2001recognizingHM,
  title={Recognizing head movement},
  author={Stabler, Edward P},
editor	={de Grote, Philippe and Morril, Glynn and Retor{\'e}, Christian},
  booktitle ={{L}ogical {A}spects of {C}omputational {L}inguistics},
  pages={245--260},
  year={2001},
  publisher={Springer},
}

@Article{Stalnaker:1978asertion,
Title		={Assertion},
Author		={Stalnaker, Robert},
Year		={1978},
Pages		={315--322},
Journal		={Syntax and Semantics},
Volume		={9},
}


@InCollection{vonStechow:2009tenses,
Author		={von Stechow, Arnim},
Year		={2009},
Title		={Tenses in compositional semantics},
Publisher	={Klein, Wolfang and Li, Ping},
Title		={The expression of time},
Pages		={129--166},
Address		={Berlin},
Publisher	={Mouton de Gruyter},
}

@Article{Steedman:1987CGandparasiticgaps,
Author		={Steedman, Mark},
Year		={1987},
Title		={{C}ombinatory {G}rammars and {P}arasitic {G}aps},
Journal		={{N}atural {L}anguage and {L}inguistic {T}heory},
Volume		={5},
Pages		={403--439},
}

@Misc{Steels:2004FCG,
Author		={Steels, Luc},
Year		={2004},
Title		={{F}luid {C}onstruction {G}rammars. {A} {B}rief {T}utorial},
Note		={Disponible en http://www.fcg-net.org/wp-content/uploads/papers/tutorial-2.pdf},
}

@PhdThesis{Stowell:1981thesis,
	Author	={Stowell, Timothy},
	Title		={Origins of phrase structure},
	Year		={1981},
	School		={MIT},
}

@Article{Strawson:1954replytosellars,
Author		={Strawson, Peter},
Year		={1954},
Title		={{A} {R}eply to {M}r. {S}ellars},
Journal		={{T}he {P}hilosophical {R}eview},
Number		={63},
Volume		={2},
Pages		={216--231},
}

@Phdthesis{Suner:1990tesis,
Author		={Su{\~n}er Gratac\'os, Avel\-Lina},
Title		={La predicaci\'on secundaria en espa{\~n}ol},
Year		={1990},
School		={Universidad Aut\'onoma de Barcelona},
}


@InCollection{Suner:1999aposicion,
Title		={La aposici\'on y otras relaciones de predicaci\'on en el sintagma nominal},
Author		={Su{\~n}er Gratac\'os, Avel\-Lina},
Booktitle	={{G}ram{\'a}tica {D}escriptiva de la {L}engua {E}spa{\~n}ola},
Year		={1999},
Address		={Madrid},
Publisher	={Espasa},
Editor		={Demonte, Violeta and Bosque, Ignacio},
Pages		={523--654},
}

@Book{SvenoniusRamchandStarkeTaraldsen:2009Nanos,
  title={{T}roms{\o} working papers on language and linguistics: {N}ordlyd, 36(1). {S}pecial issue on {N}anosyntax},
  author={Svenonius, P and Ramchand, G and Starke, M and Taraldsen, T},
  year={2009},
Publisher	={University of {T}roms{\o}},
Address		={{T}roms{\o}},
Note		={Disponible en http://septentrio.uit.no/index.php/nordlyd/index},
}

@Article{Swiggers:2009historiografiametodologia,
Title		={{L}a {H}istoriograf\'ia {L}ing\"u\'istica: apuntes y reflexiones},
Author		={Swiggers, Pierre},
Journal		={{R}evista {A}rgentina de {H}istoriograf\'ia {L}ing\"u\'istica},
Year		={2009},
Volume		={I},
Number		={1},
Pages		={67--79},
}

@InCollection{Szabo:caseforcompositionality,
Title		={The case for compositionality},
Author		={Szab{\'o}, Zoltan},
Booktitle	={{T}he {O}xford {H}andbook of {C}ompositionality},
Pages		={64--80},
Year		={2012},
Editor		={Hinzen, Wolfram  and Machery, Edouard and Werning, Markus},
Publisher	={University Press Oxford},
Address		={Oxford},
}


%TTTTTTTTTTTTTTTTTTTTTTTTTTTTTTTTTTTTTTTTTTTTTTTTTTTTTTTTTTTTTTTTTTTTTTTTTTTTTTTTTTTTTTTTTTTTTTTTTTTTTTTTTTTTTTTTTTTTTTTTTTTTTTTTTTTTTTTTTTTTTTTTTTTTTTT

@Book{Talmy:2000atoward,
  title={Toward a cognitive semantics},
  author={Talmy, Leonard},
  volume={1},
  year={2000},
  publisher={{M}{I}{T} press},
Address		={Cambridge},
}

@Book{Talmy:2000btoward,
  title={Toward a cognitive semantics},
  author={Talmy, Leonard},
  volume={2},
  year={2000},
  publisher={{M}{I}{T} press},
Address		={Cambridge},
}

@InCollection{Taraldsen:2018portmonteau,
  title={{S}panning versus {C}onstituent {L}exicalization. {T}he {C}ase of {P}ortmanteau {P}refixes},
  author={Taraldsen, {K}nut {T}arald},
  booktitle={{E}xploring nanosyntax},
  pages={88--107},
  year={2018},
  publisher={{O}xford {U}niversity {P}ress},
editor		={Baunaz, Lena  and De Clercq, Karen and Haegeman, Liliane and Lander, Eric},
Address		={New York},
}

@InCollection{Tarp:2018lexicographyscience,
  title={{L}exicography as an independence science},
  author={Tarp, {S}ven},
  booktitle={{T}he {R}outledge {H}andbook of {L}exicography},
  pages={19--33},
  year={2018},
  publisher={{R}outledge},
editor		={Fuertes-Olivera, Pedro A. },
Address		={London, New York},
}


@Article{Tarski:1935wahrheit,
Title		={Der {W}ahrheitsbegriff in den formalisierten {S}prachen},
Author		={Tarski, Alfred},
Journal		={{S}tudia {P}hilosophica},
Year		={1935},
Volume		={1},
Pages		={261--405},
}

@article{Tesniere:1934comment,
  title			={Comment construire une syntaxe},
  author		={Tesni{\`e}re, Lucien},
  year			={1934},
  Journal		={{B}ulletin de la {F}acult\'e des lettres de {S}trasbourg},
  Volume 		={12},
  Number 		={7},
}

@Book{Tesniere:1959elements,
  Title			={El{\'e}ments de syntaxe structurale},
  Author		={Tesni{\`e}re, Lucien},
  Address 		={Paris},  
  Publisher		={Klincksieck},
  year			={1959},
}

@InCollection{Thomason:1976extensionMG,
Author		={Thomason, Richmond},
Year		={1976},
Title		={{S}ome extensions of {M}ontague {G}rammar},
Editor		={Partee, Barbara},
Booktitle	={{M}ontague {G}rammar},
Pages		={77--117},
Address		={New York},
Publisher	={Academic Press},
}

@InProceedings{Thoms:2013mismatchesinellipsis,
Author		={Thoms, Gary},
Title		={Lexical mismatches in ellipsis and the identity condition},
Year		={2013},
Booktitle	={Proceedings of {N}{E}{L}{S}, vol. 42},
Publisher	={CSLI Publications},
Address		={Amherst},
Pages		={559--572},
Editor		={Keine, S. and Sloggett, S}
}


@Article{Thoms:2015syntacticidentity,
Author		={Thoms, Gary},
Year		={2015},
Title		={Syntactic identity, parallelism and accommodated antecedents},
Journal		={Lingua},
Volume		={166},
Pages		={172--198},
}


@PhdThesis{Trebisacce:2018tesis,
Author		={Trebisacce, Romina},
Title		={La incidencia de la sintaxis y de la estructura argumental en la interpretaci{\'o}n t{\'e}lica de los eventos},
Year		={2018},
School		={Universidad de Buenos Aires},
}

@Book{Trevino:1994causativas,
Author		={Trevi{\~n}o, Estela},
Year		={1994},
Title		={Las causativas del espa{\~n}ol con complemento de infinitivo},
Address		={M{\'e}xico},
Publisher	={{E}l {C}olegio de {M}\'exico},
}


@InProceedings{TrombettaAlbanoyGiammatteo:2008complementoregimen,
Author		={Trombetta, Augusto M. and Albano, Hilda and Giammatteo, Mabel},
Title		={Predicaciones secundarias con estructuras regidas},
Booktitle	={Actas del {I}{I}{I} Congreso Internacional``Transformaciones culturales: Debates de la teor{\'i}a, la cr{\'i}tica y la ling{\"u}{\'i}stica''},
Address		={Buenos Aires},
Publisher	={Departamento de Letras, Facultad de Filosof{\'i}a y Letras, UBA}, 
Year		={2008},
}

@article{Truswell:2008preposition,
  title={Preposition stranding, passivisation, and extraction from adjuncts in Germanic},
  author={Truswell, Robert},
  journal={Linguistic {V}ariation {Y}earbook},
  volume={8},
  number={1},
  pages={131--178},
  year={2008},
  publisher={John Benjamins}
}

%UUUUUUUUUUUUUUUUUUUUUUUUUUUUUUUUUUUUUUUUUUUUUUUUUUUUUUUUUUUUUUUUUUUUUUUUUUUUUUUUUUUUUUUUUUUUUUUUUUUUUUUUUUUU

@PhdThesis{Ura:1996multiplefeaturechecking,
Author	={Ura, Hiroyuki},
Year		={1996},
School		={MIT},
Title		={{M}ultiple {F}eature-{C}hecking: {A} {T}heory of {G}rammatical {F}unction {S}plitting},
}

@InCollection{UszkoreityPeter:1987metarules,
Author		={Uszkoreit, Hans and Peters, Stanley},
Year		={1987},
Title		={On some formal properties of metarules},
Editor		={Savitch, Walter  and Bach, Emmon and Marsh, William  and Safran-Naveh,  Gila},
Booktitle	={{T}he {F}ormal {C}omplexity of {N}atural {L}anguages},
Pages		={227--250},
Address		={Dordrecht},
Publisher	={Reidel},
}


%VVVVVVVVVVVVVVVVVVVVVVVVVVVVVVVVVVVVVVVVVVVVVVVVVVVVVVVVVVVVVVVVVVVVVVVVVVVVVVVVVVVVVVVVVVVVVVVVVVVVVVVVVVVVVVVVVVVVVVVVVVVVVVV

@InCollection{vanValin:1992advances,
  title={A {S}ynopsis of {R}ole and {R}eference {G}rammar},
editor	={{Van Valin Jr}, Robert D},
Address		={Amsterdam},
  year={1992},
author		={{Van Valin Jr}, Robert D},
  publisher={John Benjamins},
Pages	={1--164},
Booktitle	={{A}dvances in {R}ole and {R}eference {G}rammar},
}

@InCollection{vanValin:2004semantic,
  title={{S}emantic {M}acroroles in {R}ole and {R}eference {G}rammar},
Booktitle	={{S}emantische {R}ollen},
  author={{Van Valin}, Robert D},
  year={2004},
Address		={T{\"u}bingen},
  publisher={Narr},
Editor		={Kailuweit, Rolf and Hummel, Martin},
Pages		={62--82},
}

@InCollection{Vainikka:1996partitiveinherentorstructural,
Author		={Vainikka, A. and Maling, J.},
Title			={Is partitive case inherent or structural?},
Booktitle		={Partitives: Studies on the Syntax and Semantics of Partitive and Related Constructions},
Publisher		={Mouton de Gruyter},
Editor			={Hoeksema, J.},
Year			={1996},
Address		={Berlin, New York},
}

@article{Valiant:1975CFGcubictime,
  title={General context-free recognition in less than cubic time},
  author	={Valiant, Leslie G.},
  journal	={Journal of computer and system sciences},
  volume		={10},
  pages		={308--315},
  year		={1975},
}

@PhdThesis{Vallduvi:1993thesis,
Author	={Vallduvi, Enric},
Year		={1993},
School		={University of Pennsylvania},
Title		={The informational component},
}

@Article{VallduviEngdahl:1996linguistic,
  title={The linguistic realization of information packaging},
  author={Vallduv{\'\i}, Enric and Engdahl, Elisabet},
  journal={Linguistics},
  volume={34},
  number={3},
  pages={459--520},
  year={1996},
  publisher={Walter de Gruyter, Berlin/New York}
}



@InCollection{Vermeulen:2012isjapanese, 
Author		={Vermeulen, Reiko},
Year		={2012},
Title		={The information structure of Japanese},
Editor		={Krifka, Mandred and Musan, Renate},
Booktitle	={{T}he {E}xpression of {I}nformation {S}tructure},
Address		={Berlin, Boston},
Publisher	={Walter de Gruyter},
Pages		={187--216},
}

@InCollection{vonFintel:2004presuppositions,
Author		={von Fintel, Kai},
Year		={2004},
Title		={{W}ould you believe it? {T}he {K}ing of {F}rance is back! {P}resuppositions and truth-value intuitions},
Editor		={Reimer, M and Bezuidenhout, A},
Booktitle	={{D}escriptions and {B}eyond},
Address		={Oxford},
Publisher	={Oxford University Press},
Pages		={315--341},
}

@Book{vonFintelyHeim:2011,
Title		={{I}ntensional {S}emantics},
Author		={von Fintel, Kai and Heim, Irene},
Address		={Massachusetts, Cambridge},
Year		={2011},
Publisher	={MIT Edition},
}

%WWWWWWWWWWWWWWWWWWWWWWWWWWWWWWWWWWWWWWWWWWWWWWWWWWWWWWWWWWWWWWWWWWWWWWWWWWWW

@Book{Wall:1972mathematicallinguistics,
Title			={{I}ntroduction to {M}athematical {L}inguistics},
Author			={Wall, Robert},
Year			={1972},
Publisher		={Prentice-Hall},
Address			={New Jersey},
}

@InCollection{Wasow:1977transformationlexicon,
Author		={Wasow, Thomas},
Year		={1977},
Title		={{T}ransformations and the {L}exicon},
Editor		={Culicover, Peter and Akmajian, Adrian and Wasow, Thomas},
Booktitle	={{F}ormal {S}yntax},
Pages		={327--360},
Address		={New York},
Publisher	={Academic Press},
}

@InCollection{Wasow:1987constrainingtransformations,
Author		={Wasow, Thomas},
Year		={1987},
Title		={{O}n {C}onstraining the {C}lass of {T}ransformational {L}anguages},
Editor		={Savitch, Walter  and Bach, Emmon and Marsh, William  and Safran-Naveh,  Gila},
Booktitle	={{T}he {F}ormal {C}omplexity of {N}atural {L}anguages},
Pages		={56--86},
Address		={Dordrecht},
Publisher	={Reidel},
}

@article{WatumullHauserRoberts:2014onrecursion,
Title	={On recursion},
Author	={Watumull, Jeffrey and Hauser, Marc D and Roberts, Ian G and Hornstein, Norbert},
Journal	={{F}rontiers in {P}sychology},
Volume	={4},
Pages	={1--7},
Year	={2014},
Note	={Art\'iculo n\'umero 1017},
}

@InCollection{Weinberg:1988mathematicalproperties,
Author		={Weinberg, Amy},
Year		={1988},
Title		={Mathematical properties of grammars},
Editor		={Newmeyer, Frederick},
Booktitle	={{L}inguistics: {T}he {C}ambridge {S}urvey. {I}. {L}inguistic {T}heory: {F}oundations},
Address		={Cambridge},
Publisher	={Cambridge University Press},
Pages		={416--429},
}


@book{Wood1993categorial,
  title={{C}ategorial {G}rammars},
  author={Wood, Mary McGee},
  year={1993},
Address		={London/New York},
  publisher={Routledge}
}

@Book{Williams:2015arguments,
Year		={2015},
Author		={Williams, Alexander},
Address		={Cambridge}, 
Publisher	={Cambridge University Press},
Title		={Arguments in syntax and semantics},
}

@Article{Williams:1977Discourselogicalform,
Author		={Williams, Edwin},
Year		={1977},
Title		={{D}iscourse and {L}ogical {F}orm},
Journal		={{L}inguistic {I}nquiry},
Volume		={8},
Number		={1},
Pages		={101--139},
}

@Article{Winter:1997choicefunction,
  Title			={Choice functions and the scopal semantics of indefinites},
  author		={Winter, Yoad},
  journal		={{L}inguistics and {P}hilosophy},
  volume		={20},
  number		={4},
  pages		={399--467},
  year			={1997},
  publisher		={Springer}
}

@InProceedings{Wurmbrand:1999modalraisingverbs,
Author		={Wurmbrand, Susi},
Year		={1999},
Title		={{M}odal {V}erbs {M}ust be {R}aising {V}erbs},
Booktitle	={{P}roceedings of the {E}ighteenth {W}est {C}oast {C}onference on {F}ormal {L}inguistics},
Editor		={Bird, Sonya and Carnie, Andrew and Haugen, Jason D. and Norquest, Peter},
Pages		={599--612},
Address		={Somerville},
Publisher	={Cascadilla Press},
}

%XXXXXXXXXXXXXXXXXXXXXXXXXXXXXXXXXXXXXXXXXXXXXXXXXXXXXXXXXXXXXXXXXXXXXXXXXXXXXXXXXXXXXXXXXXXXXXXXXXXXXXXXXXXXXXXXXXXXXXXXXXXXXX


%YYYYYYYYYYYYYYYYYYYYYYYYYYYYYYYYYYYYYYYYYYYYYYYYYYYYYYYYYYYYYYYYYYYYYYYYYYYYYYYYYYYYYYYYYYYYYYYYYYYYYYYYYYYYYYYYYYYYYYYYYYYYYY



%ZZZZZZZZZZZZZZZZZZZZZZZZZZZZZZZZZZZZZZZZZZZZZZZZZZZZZZZZZZZZZZZZZZZZZZZZZZZZZZZZZZZZZZZZZZZZZZZZZZZZZZZZZZZZZZZZZZZZZZZZZZZZZZ

@InProceedings{Zaroukian:2011divergent,
  title={Divergent approximators},
  author={Zaroukian, Erin},
  booktitle={{P}roceedings of {S}inn und {B}edeutung},
  volume={15},
  pages={677--690},
  year={2011}
}

@Book{Zaroukian:2013quantification,
  title={Quantification and (un)certainty},
  author={Zaroukian, Erin},
  year={2013},
  publisher={The Johns Hopkins University}
}

@Article{Zeijlstra:2012onewaytoAgree,
Year		={2012},
Title		={There is only one way to {A}gree},
Author		={Zeijlstra, Hedde},
Journal		={The linguistic review},
Volume		={29},
Pages		={491--539},
}


@Incollection{Zubizarreta:1999temayfoco,
Title		={Las funciones informativas: tema y foco},
Author		={Zubizarreta, Mar\'ia Luisa},
Editor		={Demonte, Violeta and Bosque, Ignacio},
Publisher	={Espasa},
Booktitle	={{G}ram\'atica {D}escriptiva de la {L}engua {E}spa{\~n}ola},
Volume		={3},
Year		={1999},
Pages		={4215--4244},
}


@Book{Zubizarreta:1998prosodyandfocus,
Author		={Zubizarreta, Mar{\'i}a Luisa},
Year			={1998},
Publisher		={{M}{I}{T} PRess},
Title			={Prosody, focus and word order},
Address		={Cambridge / Massachusetts},
}

@InCollection{Zubizarreta:2016NSR,
Title		={Nuclear {S}tress and {I}nformation {S}tructure},
Author		={Zubizarreta, Maria Luisa},
Booktitle	={{T}he {O}xford {H}andbook of {I}nformation {S}tructure},
Year		={2016},
Pages		={163--184},
Editor		={F\`ery, Caroline and Ishihara, Shinichiro},
Address		={Oxford},
Publisher	={Oxford University Press},
}


